3800 5292
879 506 1077 577 ᾖς-

499 714 580 788 Hoc
617 719 862 808 pavimentum
904 747 925 790 a
967 722 1144 813 plerisque
1186 726 1230 793 ad
1276 723 1563 810 Philoxenum,

392 824 600 895 Nicomachi
625 825 845 916 discipulum,
880 832 1041 916 refertur3
1076 833 1170 919 quod
1199 831 1338 900 etiamsi
1363 832 1563 920 accipimus,

392 943 511 1002 tamen
540 933 688 1002 dubium
716 947 771 1004 est
794 960 838 1004 an
864 936 1129 1025 compositionis
1154 938 1244 1007 ratio
1272 938 1399 1007 abillo
1422 938 1563 1027 pictore,

392 1038 452 1128 qui
476 1039 569 1110 inter
585 1028 882 1129 praeclarissimos
898 1068 970 1113 non
995 1056 1078 1131 erat,
1103 1044 1250 1114 inventa
1265 1045 1319 1114 sit
1358 1045 1563 1114 Aristides

392 1157 511 1217 autem
535 1146 660 1235 iunior,
680 1149 888 1219 Nicomachi
904 1151 1010 1238 filius,
1033 1163 1074 1220 ut
1090 1151 1225 1220 Plinius
1241 1156 1283 1220 N.
1297 1157 1343 1220 H.
1356 1157 1504 1237 XXXV,
1520 1159 1562 1220 99

391 1253 545 1341 tradidit,
563 1257 690 1344 pinxit
703 1261 873 1346 proelium
891 1283 967 1326 cum
982 1261 1108 1341 Perses,
1132 1266 1267 1326 centum
1282 1262 1434 1327 homiues
1450 1261 1564 1326 tabule

391 1384 430 1427 ee
449 1365 650 1450 complexus.
697 1364 820 1432 Talem
842 1365 1038 1454 figurarum
1055 1389 1250 1451 numerum,
1275 1389 1354 1433 cum
1374 1366 1563 1454 Polygnoti

392 1468 547 1536 rationes
559 1471 603 1537 ab
620 1469 689 1538 illis
706 1471 928 1560 temporibus
939 1472 1075 1540 alienae
1091 1472 1171 1559 sint,
1186 1475 1258 1540 lere
1273 1495 1344 1539 non
1361 1471 1430 1540 nisi
1443 1496 1564 1540 secun-

390 1577 476 1642 dum
493 1598 586 1660 ¹eam,
610 1579 654 1645 de
677 1599 746 1665 qua
769 1577 932 1663 diximus,
957 1579 1130 1647 rationem
1149 1579 1284 1669 pictum
1300 1578 1408 1646 luisse
1424 1582 1563 1646 credere

390 1705 591 1771 possumus;
614 1685 702 1752 haec
718 1696 837 1753 autem
855 1687 976 1754 tabula
992 1697 1075 1754 ante
1093 1684 1276 1753 Philoxeni
1294 1687 1452 1754 tabulam
1467 1685 1563 1777 picta

390 1801 471 1858 erat.
518 1791 672 1876 Accedit,
696 1793 789 1879 quod
817 1792 1004 1860 inventum
1027 1792 1124 1876 illud,
1152 1795 1246 1880 quod
1269 1792 1460 1860 maximam
1484 1816 1563 1860 auc-

389 1895 568 1965 toritatem
581 1897 849 1986 insequentibus
861 1898 1010 1966 saeculis
1019 1900 1182 1984 habebat,
1194 1899 1319 1989 pictori
1330 1899 1562 1983 celeberrimo,

390 2003 449 2090 qui
484 2004 560 2092 ipse
594 2004 784 2093 discipulos
820 2006 948 2089 docuit,
984 2005 1208 2073 tribuendam
1237 2013 1314 2073 esse
1337 2005 1562 2073 verisimilius

389 2120 455 2194 est,
477 2127 600 2198 ‘quam
636 2111 680 2197 ei,
716 2111 776 2199 qui
815 2123 855 2179 ut
893 2112 1088 2200 discipulus
1127 2114 1373 2180 tantummodo
1412 2112 1562 2179 traditus

390 2222 485 2305 est.¹)
531 2219 715 2304 Quantum
739 2219 834 2286 enim
858 2221 926 2287 hoc
945 2218 1159 2307 principium
1175 2218 1335 2303 valuerit,
1359 2241 1430 2285 non
1448 2221 1562 2286 solum

388 2336 629 2410 monumenta,
646 2327 708 2393 sed
724 2325 831 2394 etiam
847 2325 1027 2413 scriptoris
1044 2326 1287 2394 testimonium
1303 2328 1413 2407 docet.
1437 2330 1562 2413 Neque
1669 2325 1671 2332 ’

308 2477 314 2492 .
389 2430 484 2498 enim
496 2431 598 2499 aliter
608 2431 769 2520 intellegi
782 2444 907 2520 potest,
921 2435 1015 2520 quod
1030 2432 1203 2517 Plinius,
1220 2436 1262 2498 N.
1277 2436 1321 2500 H.
1335 2435 1484 2515 XXXV,
1500 2438 1561 2498 142

389 2539 433 2604 de
448 2540 602 2606 Nealce
619 2538 777 2606 tradidit:
803 2541 1002 2627 ingerimus
1018 2546 1052 2606 et
1065 2542 1185 2605 sollers
1200 2541 1272 2624 iste,
1288 2540 1467 2626 siquidem,
1487 2562 1562 2603 rum

383 2647 555 2733 proelium
579 2648 702 2713 nauale
724 2650 908 2713 Persarum
937 2653 972 2713 et
992 2647 1239 2734 Aegyptiorum
1256 2647 1437 2732 pinxisset,
1475 2647 1566 2731 qued

389 2754 428 2818 iu
452 2753 549 2828 Nile,
585 2755 683 2819 cuius
718 2760 769 2820 est
788 2777 878 2841 aque
901 2756 1010 2820 murth
1031 2755 1168 2827 similis,
1192 2755 1335 2839 suctum
1358 2753 1490 2818 volebat
1510 2753 1562 2816 iu-

390 2860 518 2946 tellegi,
557 2867 803 2947 argumeuto
838 2863 1033 2936 declaravit,
1074 2862 1166 2948 quod
1195 2866 1270 2926 arte
1303 2883 1373 2925 neu
1405 2865 1561 2946 poterut:

389 2968 533 3032 asellum
568 2969 659 3033 euim
696 2969 859 3034 bibentem
894 2969 933 3033 iu
964 2946 1063 3034 litere
1079 2969 1207 3055 pinxit
1228 2972 1263 3032 et
1284 2967 1485 3032 crocodilum
1510 2967 1561 3030 iu-

387 3074 569 3140 sidiuutem
593 3076 632 3140 ei.
680 3076 720 3140 Id
737 3085 804 3141 est:
829 3076 922 3161 quod
940 3097 1032 3161 aqua
1048 3072 1121 3140 Nili
1137 3072 1244 3140 maris
1260 3082 1314 3140 est
1330 3070 1463 3155 similis,
1487 3082 1561 3138 arte

389 3181 505 3246 locum
526 3179 674 3247 delinire
696 3203 768 3247 non
792 3181 916 3268 potuit
964 3182 1053 3247 Inde
1076 3190 1230 3269 apparet,
1254 3179 1422 3245 Nealcem
1444 3179 1561 3245 locum

388 3285 644 3372 continuatum,
668 3309 795 3374 nempe
816 3287 939 3354 Nilum
956 3288 1139 3375 ripamque
1161 3286 1237 3353 eius
1253 3287 1399 3353 alteram
1414 3284 1562 3371 pingere

387 3415 459 3459 non
482 3392 650 3480 potuisse,
673 3395 734 3461 sed
758 3396 875 3461 locum
899 3394 1081 3482 qualitate,
1105 3393 1126 3460 i.
1147 3417 1175 3460 e.
1193 3393 1361 3479 colore2)
1377 3415 1489 3478 aquae
1505 3392 1561 3456 de-

293 3576 294 3579 ,
388 3501 518 3568 clarare
541 3499 703 3568 voluisse.
751 3500 821 3585 Qui
851 3523 930 3568 cum
958 3499 1066 3568 maris
1101 3499 1225 3566 similis
1253 3508 1354 3581 esset,
1389 3499 1433 3564 ad
1458 3519 1561 3583 argu-

498 3668 521 3740 ¹)
545 3669 690 3745 Quisquis
714 3675 817 3726 autem
840 3668 923 3725 illam
945 3669 1095 3726 rationem
1118 3667 1240 3735 invenit,
1267 3674 1350 3723 certe
1373 3667 1459 3722 locus
1483 3665 1560 3721 illius

387 3759 510 3816 tabulae
539 3759 581 3814 ita
609 3759 776 3816 secundum
805 3757 876 3814 artis
903 3757 1052 3814 rationem
1076 3762 1319 3830 repraesentatus
1343 3762 1397 3820 est,
1432 3761 1465 3810 ut
1487 3754 1560 3809 nihil
1646 3829 1653 3837 .

387 3847 427 3903 ad
449 3846 549 3922 ipsum
577 3847 726 3922 proelium
755 3846 960 3903 definiendum
984 3846 1090 3902 aliene
1114 3844 1218 3919 possit
1263 3844 1370 3918 Itaque
1394 3841 1432 3900 G.
1455 3841 1560 3910 Kone,

386 3935 476 3993 Rom.
498 3936 576 3993 Mitt.
602 3934 695 4004 1907,
718 3955 748 4010 p.
775 3934 842 4003 ln..
878 3935 928 4010 qui
964 3953 981 3991 e
1010 3941 1116 3991 natura
1144 3933 1204 3989 loci
1228 3934 1318 4007 quale
1342 3931 1490 4006 proelium
1513 3949 1559 3987 re-

386 4033 612 4100 praesentatum
646 4025 686 4082 sit
708 4025 882 4101 intellegere
907 4029 1034 4081 conatus
1058 4029 1113 4090 est,
1145 4023 1185 4079 ob
1209 4021 1240 4077 id
1263 4021 1362 4096 ipsum
1385 4019 1560 4076 refutandus

386 4121 442 4182 est,
466 4113 504 4172 ci.
527 4113 552 4170 E
586 4115 710 4172 Pernice
735 4113 808 4171 ibid.
831 4132 864 4188 p.
878 4111 955 4171 25n.

495 4203 519 4278 ²)
542 4203 664 4260 Brunnii
680 4209 783 4260 autem
799 4201 920 4278 (Gesch.
938 4203 967 4258 d.
983 4200 1094 4276 griech.
1109 4200 1253 4256 Kfinstler
1267 4198 1306 4266 Π,
1328 4218 1357 4274 ρ.
1373 4191 1453 4278 290)
1469 4197 1559 4254 inter·

386 4293 516 4368 pretatio
544 4293 613 4372 „die
637 4293 733 4350 breite
750 4292 861 4348 Fliche
885 4293 969 4348 hatte
987 4290 1080 4346 leicht
1099 4307 1134 4346 zu
1151 4289 1235 4345 einer
1253 4288 1483 4361 Verwechslung
1505 4287 1560 4342 mit

386 4382 456 4438 dem
473 4382 577 4440 Meere
595 4382 701 4438 Anlass
725 4382 824 4454 geben
841 4379 982 4436 kunnan
1002 4379 1073 4435 inde
1090 4377 1295 4455 proficiscitur,
1319 4377 1399 4452 quod
1417 4377 1457 4432 ab
1474 4375 1557 4432 initio

385 4471 513 4534 facultas
530 4471 622 4548 ampli
640 4471 697 4528 loci
715 4469 844 4545 fingendi
858 4468 985 4526 Graecis
996 4469 1142 4546 tribuitur,
1157 4474 1220 4524 tum
1234 4467 1326 4525 etiarn
1342 4467 1435 4523 verba
1454 4464 1558 4536 ,cuius
