3800 5292
806 557 1018 628 ..15-

427 772 498 843 Sed
515 775 606 840 duae
624 773 766 841 tabulae
781 797 802 841 a
817 773 961 862 reliquis
977 773 1136 843 diversae
1152 785 1245 860 sunt,
1269 780 1339 862 31,1
1360 782 1396 844 e't
1412 781 1493 862 292.

322 881 481 964 Quarum
504 879 599 967 prior
614 881 719 967 plane
735 882 883 948 eandem
899 881 1164 969 compositionis
1180 881 1363 968 rationem,
1387 891 1494 972 quam

321 1009 365 1052 ex
388 987 580 1054 Alexandri
608 987 741 1075 proelio
777 1011 857 1056 cum
886 989 995 1056 Dario
1023 990 1080 1057 vel
1118 989 1238 1076 potius
1273 1013 1317 1058 ex
1344 990 1494 1078 Telephi

320 1093 473 1180 zophoro
497 1093 738 1181 cognovimus
762 1095 930 1180 ostendit3
959 1096 1098 1183 figurae
1126 1095 1221 1163 enirn
1244 1107 1281 1164 et
1302 1120 1358 1165 res
1382 1108 1494 1165 totam

320 1198 521 1268 inferiorem
555 1203 698 1269 tabulae
733 1225 850 1269 aream
888 1205 1042 1290 explent,
1076 1214 1117 1270 ut
1150 1202 1285 1291 reliqua
1319 1227 1402 1292 pars
1436 1209 1495 1271 aer

319 1305 483 1374 videatur
507 1331 595 1393 esse3
620 1331 743 1376 omnes
767 1321 886 1378 autem
910 1331 983 1376 uno
1005 1311 1113 1397 plano
1129 1310 1365 1380 continentur.
1411 1312 1494 1381 Sco-

319 1413 394 1500 puli
418 1415 521 1500 enim,
545 1415 606 1503 qui
629 1427 819 1504 utrumque
842 1418 936 1484 latus
960 1416 1131 1502 obtinent,
1155 1440 1219 1504 per
1233 1418 1379 1505 figuras,
1404 1441 1494 1500 quae

320 1533 403 1589 ante
437 1533 500 1590 aut
533 1523 634 1590 iuxta
661 1546 719 1590 eos
743 1525 933 1591 collocatae
957 1535 1050 1609 sunt,
1086 1548 1167 1591 cum
1194 1525 1324 1593 iuvene
1348 1524 1494 1612 eiusque

319 1630 402 1696 sede
436 1629 473 1696 in
510 1641 630 1696 centro
664 1630 780 1717 posita
808 1629 1018 1698 coniunctae
1046 1643 1139 1699 sunt.
1186 1633 1301 1719 Supra
1327 1631 1493 1700 iuvenem

319 1747 438 1804 autem
461 1736 533 1824 pila
556 1737 696 1822 eminet,
720 1759 789 1826 qua
813 1761 862 1823 ea,
886 1760 977 1826 quae
1004 1740 1181 1825 expletam
1204 1761 1322 1806 aream
1345 1741 1389 1806 ab
1414 1743 1493 1806 aere

319 1841 459 1928 dividit,
482 1843 577 1912 linea
601 1843 709 1912 etiam
742 1843 916 1930 educitur,
951 1868 998 1912 ne
1035 1867 1107 1912 uno
1134 1847 1231 1912 flexu
1252 1827 1492 1930 contineatu13
1570 1921 1580 1936 θ

319 1971 426 2036 quam
453 1950 585 2018 lineam
619 1951 656 2017 in
691 1951 822 2018 tabulis
857 1951 1003 2020 Graecis
1041 1952 1170 2019 summi
1204 1951 1376 2019 momenti
1415 1975 1493 2019 esse

317 2067 441 2144 postea
463 2057 670 2125 videbimus.

424 2163 563 2231 Tabula
602 2169 674 2249 29,2
713 2164 850 2232 reddita
889 2163 1180 2252 compositionem
1213 2167 1366 2252 praebet,
1401 2188 1492 2252 quae

316 2270 474 2338 medium
498 2281 596 2338 tenet
618 2271 711 2338 inter
733 2273 826 2339 hanc
849 2282 885 2339 et
908 2294 996 2357 eam,
1019 2295 1109 2359 quae
1125 2296 1146 2338 a
1162 2271 1277 2358 specie
1294 2271 1492 2340 continuati

317 2377 384 2444 loci
408 2377 571 2463 abstinet,
595 2378 776 2464 rationem,
801 2401 881 2446 curn
904 2401 976 2445 non
1001 2390 1077 2446 tota
1092 2377 1235 2445 inferior
1251 2381 1393 2446 tabulae
1408 2401 1490 2466 pars

317 2484 444 2571 figuris
463 2497 499 2553 et
514 2486 619 2552 rebus
635 2487 827 2572 expleatur.
867 2485 1012 2553 Iuvenis
1029 2497 1148 2553 autem
1164 2484 1320 2552 sedentis
1335 2485 1490 2572 figuram

316 2593 462 2678 paulurn
494 2591 668 2660 variatam
694 2603 818 2680 postea
840 2591 877 2659 in
902 2593 1040 2681 pictura
1063 2591 1180 2680 aliqua
1205 2592 1419 2680 Pompeiana
1439 2591 1492 2659 in-

316 2697 508 2767 veniemus.

423 2807 455 2878 E
483 2829 631 2875 numero
656 2807 998 2894 Pompeianarum
1020 2807 1293 2894 picturarum,
1328 2829 1418 2894 quae
1442 2817 1491 2874 ta-

316 2915 418 2981 bulas
440 2913 634 3000 imitantur,
668 2937 798 3002 paucas
831 2925 972 2982 tantum
995 2937 1171 2998 enumero,
1207 2936 1297 3000 quae
1319 2912 1356 2979 in
1381 2914 1489 2980 domu

317 3022 375 3087 dcl
407 3023 597 3088 centenario
633 3033 791 3110 repertae
830 3032 921 3088 sunt.
937 3023 962 3109 ¹)
1020 3023 1154 3090 Omnes
1192 3031 1312 3087 autern
1351 3019 1491 3088 interna

317 3127 557 3196 aedificiorum
568 3129 770 3212 ostendunt,
787 3150 876 3215 quae
887 3131 993 3215 plane
1004 3126 1232 3195 consentiunt
1244 3149 1325 3193 cum
1336 3125 1388 3211 iis,
1400 3149 1490 3214 quae

317 3237 451 3302 Romae
475 3247 567 3303 sunt.
614 3239 656 3301 In
681 3257 753 3302 una
773 3239 818 3323 (6)
843 3237 968 3302 dextra
989 3234 1134 3322 parietis
1156 3256 1237 3321 pars
1253 3235 1333 3301 velo
1349 3235 1490 3300 obtecta

316 3353 378 3427 est,
401 3343 588 3430 pleraeque
611 3344 783 3409 fenestras
798 3343 977 3429 praebent,
1000 3341 1140 3428 figurae
1155 3341 1252 3428 ipsae
1266 3362 1400 3427 magna
1415 3342 1491 3427 pul-

316 3448 516 3517 chritudine
539 3459 632 3518 sunt.
679 3447 816 3516 Tamen
840 3448 877 3515 in
902 3447 1005 3515 tertio
1022 3447 1103 3514 stilo
1118 3445 1236 3534 magis
1252 3458 1359 3535 atque
1373 3445 1489 3533 magis

315 3555 383 3622 hae
393 3555 552 3643 picturae
563 3556 600 3622 in
618 3566 826 3623 ornamenta
842 3566 1106 3623 commutantur
1117 3576 1232 3642 neque
1244 3553 1316 3621 iam
1328 3554 1489 3638 exempla

315 3684 380 3728 sua
403 3673 564 3730 accurate
587 3663 777 3746 reddunt.²)

422 3771 522 3854 Quae
556 3791 679 3837 omnes
713 3768 870 3856 picturae
905 3768 991 3856 quin
1019 3766 1127 3836 aetati
1160 3766 1402 3835 hellenisticae
1431 3766 1490 3834 tri-

314 3877 476 3944 buendae
510 3875 591 3961 sint,
625 3875 773 3944 dubium
808 3899 885 3943 esse
918 3898 990 3942 non
1028 3886 1152 3964 potest.
1207 3879 1301 3941 Nam
1334 3873 1489 3961 primum

315 3981 458 4069 quidem
494 3982 715 4051 continuatio
749 3982 817 4050 loci
852 4005 959 4070 quam
997 3981 1034 4048 in
1069 3983 1245 4070 plerisque
1286 3979 1489 4049 invenimus

314 4111 385 4156 non
420 4091 533 4158 multo
569 4102 652 4158 ante
686 4091 783 4156 illam
816 4099 969 4157 aetatem
992 4089 1139 4158 inventa
1163 4100 1225 4172 est,
1261 4087 1390 4155 deinde
1413 4097 1489 4154 tota

314 4194 523 4283 figurarum,
558 4200 766 4282 formarum,
799 4196 1095 4264 lineamentorum
1133 4219 1190 4264 ars
1227 4194 1322 4262 illius
1361 4194 1488 4261 aetatis

425 4365 446 4442 ¹)
469 4365 545 4436 Bull.
561 4367 589 4423 d.
605 4365 676 4423 Inrt.
698 4363 791 4433 1882,
814 4384 844 4440 p.
861 4362 912 4431 26,
936 4361 1056 4423 5-10.

423 4451 450 4536 ²)
474 4454 511 4518 cf.
552 4455 633 4523 Mau,
667 4457 685 4511 l.
708 4456 727 4511 l.
750 4473 779 4530 p.
803 4451 845 4512 26
881 4453 914 4532 ,1
937 4453 1032 4511 colori
1067 4471 1141 4511 sono
1177 4452 1270 4527 quelli
1305 4453 1356 4509 del
1378 4451 1487 4527 fregio;

313 4539 516 4603 l'esecuzione
541 4543 558 4600 ὲ
581 4546 702 4620 leggera
725 4561 742 4600 e
766 4543 869 4600 affatto
895 4543 1096 4602 decorativa.“
