3800 5292
892 547 1111 618 ..16-

408 757 550 852 propria
572 772 635 848 est,
659 761 811 851 denique
830 762 907 851 ipsa
927 775 1147 852 argumenta,
1170 786 1261 853 quae
1283 765 1427 854 quidem
1449 765 1587 838 intelle·

409 867 539 956 gimus,
556 869 622 937 has
637 868 793 956 picturas
810 870 1027 958 temporibus
1041 870 1112 938 illis
1128 871 1328 959 adsignant
1357 875 1587 944 Accuratiore

408 987 528 1044 autem
545 975 713 1064 temporis
732 975 940 1045 definitione
963 977 1140 1045 abstinere
1163 978 1344 1064 debemus3
1368 1003 1587 1070 quamquam

407 1081 504 1151 enim
531 1082 723 1152 verisimile
746 1095 808 1170 est,
842 1086 1033 1152 nonnullas
1067 1083 1170 1152 initio
1204 1086 1330 1154 aetatis
1353 1086 1449 1156 illius
1476 1089 1586 1158 tribu·

407 1191 526 1276 endas,
561 1189 648 1258 alias
682 1189 935 1278 posterioribus
970 1191 1187 1279 temporibus
1209 1193 1321 1260 factas
1345 1215 1430 1278 esse,
1463 1205 1585 1264 tamen

406 1320 463 1365 ars
498 1299 785 1386 apographorum
818 1297 960 1365 illorum
994 1320 1065 1364 non
1102 1309 1202 1365 tanta
1229 1309 1291 1384 est,
1320 1310 1362 1366 ut
1384 1302 1586 1370 accuratius

406 1426 486 1472 eam
508 1403 685 1492 inquirere
708 1404 819 1472 liceat.
868 1408 993 1492 Itaque
1016 1403 1102 1471 satis
1125 1415 1179 1471 est
1198 1404 1416 1473 intellexisse
1431 1408 1498 1475 has
1514 1408 1586 1496 pic-

406 1523 503 1579 turas
527 1513 688 1599 exempla
709 1510 906 1578 continuati
923 1510 989 1577 loci
1006 1510 1132 1577 aetatis
1148 1511 1390 1580 hellenisticae
1405 1516 1584 1600 praebere.

405 1619 448 1685 Id
472 1617 568 1686 enim
590 1616 811 1706 propositum
827 1618 1072 1702 habueramus,
1095 1627 1144 1700 ut,
1161 1616 1275 1704 qualis
1290 1617 1349 1686 hic
1364 1620 1464 1687 locus
1480 1634 1585 1706 esset,

404 1723 701 1814 intellegeremus.
741 1723 948 1792 Invenimus
977 1734 1096 1790 autem
1123 1723 1190 1790 loci
1214 1723 1521 1794 continuationem
1545 1727 1582 1796 in

311 1905 316 1915 ,
404 1831 570 1900 omnibus
603 1832 660 1899 his
695 1830 842 1920 picturis
876 1831 913 1897 in
949 1853 991 1897 eo
1027 1840 1202 1913 constare,
1237 1831 1332 1917 quod
1366 1832 1469 1899 iundi
1501 1858 1585 1903 area

404 1939 505 2026 quasi
537 1939 653 2027 paries
688 1939 742 2006 vel
767 1937 850 2004 finis
874 1947 1085 2023 argumento
1109 1934 1324 2004 constitutus
1347 1939 1583 2025 significatur.

405 2050 531 2134 Itaque
557 2047 656 2113 locus
683 2056 738 2112 est
772 2067 899 2112 scaena
933 2041 1197 2131 angustissima,
1232 2064 1348 2130 neque
1382 2045 1583 2132 figurarum

403 2153 587 2222 collocatio
610 2176 652 2220 eo
669 2162 913 2219 commutatur.
953 2153 1034 2235 Quo
1049 2152 1142 2216 facto
1157 2150 1226 2216 hae
1239 2148 1406 2236 picturae,
1423 2155 1519 2240 quod
1536 2157 1583 2221 ad

402 2263 520 2328 locum
543 2259 682 2343 attinet,
706 2261 750 2326 ab
774 2256 1034 2345 antiquioribus
1057 2266 1185 2322 natura
1207 2255 1368 2324 diversae
1390 2280 1463 2325 non
1487 2273 1583 2346 sunt,

402 2366 440 2434 id
474 2368 569 2455 quod
593 2367 689 2433 haud
713 2363 786 2433 scio
810 2387 855 2431 an
879 2363 963 2430 inde
986 2360 1219 2429 derivandum
1243 2361 1297 2446 sit,
1332 2366 1429 2450 quod
1453 2367 1583 2435 aetatis

401 2471 644 2541 hellenisticae
667 2493 724 2539 ars
747 2493 819 2538 non
843 2469 915 2537 iam
938 2467 1025 2537 satis
1049 2469 1190 2537 valebat
1212 2469 1257 2534 ad
1280 2472 1483 2557 augendam
1501 2496 1582 2542 eam

402 2591 523 2665 artem,
559 2601 649 2666 quae
683 2576 785 2645 initio
814 2577 889 2644 eius
918 2587 1003 2643 nata
1032 2585 1114 2642 erat.
1161 2579 1286 2661 Itaque
1314 2587 1482 2645 contenta
1506 2592 1583 2648 erat

400 2697 556 2774 angusto
579 2685 639 2752 illo
663 2687 739 2752 loco
763 2705 878 2772 neque
901 2705 983 2749 eum
1007 2681 1222 2768 amplificare
1245 2693 1372 2750 conata
1395 2695 1458 2752 est

507 2793 539 2864 Ε
575 2814 749 2860 consensu
784 2801 904 2858 autem
935 2787 1095 2856 omnium
1117 2787 1333 2876 picturarum
1356 2789 1581 2894 rationem,

400 2923 470 2989 qua
493 2899 530 2966 in
555 2899 616 2966 illa
639 2909 756 2966 aetate
779 2895 1008 2964 continuatus
1030 2896 1129 2960 locus
1147 2893 1370 2981 pingebatur,
1393 2897 1583 2968 restituere

398 3029 598 3097 possumus,
622 3028 703 3072 cum
725 3005 823 3070 nulla
838 3003 976 3090 pictura
993 3025 1014 3067 a
1029 3000 1167 3067 ratione
1181 2999 1242 3066 illa
1257 2999 1405 3070 differat
1441 3004 1580 3074 Tamen

398 3113 753 3182 animadvertendum
781 3119 842 3193 est,
872 3129 1060 3174 numerum
1088 3117 1388 3193 argumentorum,
1418 3132 1510 3197 quae
1539 3114 1577 3181 in

397 3220 453 3288 his
488 3218 659 3307 exemplis
692 3217 788 3304 picta
822 3225 915 3297 sunt,
950 3211 1038 3279 satis
1071 3210 1242 3298 exiguum
1271 3235 1348 3280 esse
1370 3237 1486 3303 neque
1509 3241 1577 3288 nos

381 3349 520 3405 vomnes
554 3323 689 3413 species
723 3320 1009 3406 variationesque
1043 3317 1150 3384 huius
1184 3317 1331 3386 rationis
1358 3320 1396 3387 in
1425 3321 1497 3391 illis
1511 3311 1578 3393 nin·

398 3443 568 3502 venturos
592 3454 668 3498 esse
691 3450 831 3519 sperare
854 3448 965 3515 posse

506 3545 647 3607 Praeter
680 3537 746 3603 has
783 3532 938 3621 picturas
982 3530 1090 3597 etiam
1133 3529 1202 3597 alia
1238 3546 1472 3603 monumenta
1510 3561 1580 3606 ser-

398 3658 483 3717 vata
505 3657 598 3730 sunt,
633 3666 724 3732 quae
751 3640 891 3708 interna
921 3638 1123 3720 ostendunt,
1152 3647 1237 3703 sunt
1260 3648 1380 3705 autem
1403 3648 1580 3713 vascula

395 3752 629 3821 Tarentina
663 3771 809 3817 scaenas
844 3743 1022 3826 habentia,
1057 3742 1118 3809 ubi
1146 3744 1353 3831 plerumque
1381 3752 1579 3819 nonnullae

398 3861 538 3948 figurae
553 3858 590 3925 in
608 3855 776 3939 aedicula,
800 3875 891 3942 quae
905 3849 1059 3918 mediam
1074 3849 1247 3936 picturam
1269 3851 1415 3937 obtinet,
1439 3855 1578 3942 positae

399 3978 492 4035 sunt.
538 3969 587 4033 At
610 3986 681 4031 non
706 3963 821 4029 solum
845 3958 1033 4040 aediculae,
1065 3956 1127 4022 sed
1149 3977 1254 4022 verae
1277 3957 1403 4023 domus
1426 3958 1578 4049 interna,

396 4095 579 4163 quaequae
614 4070 715 4158 origo
750 4065 826 4135 eius
861 4061 1013 4132 aedificii
1037 4073 1099 4144 est,
1134 4060 1171 4127 in
1195 4064 1372 4129 Assteae
1400 4071 1578 4159 vasculo¹)

506 4348 527 4426 ¹)
551 4349 592 4406 M.
616 4348 645 4406 d.
666 4347 689 4403 I.
706 4343 787 4412 VIII,
814 4341 863 4407 10,
887 4339 1009 4396 Wiener
1031 4335 1205 4409 Vorlegebl.
1220 4335 1254 4404 B,
1274 4335 1342 4393 Tar.
1361 4336 1394 4408 l,
1426 4340 1531 4414 Jahrb.
1547 4346 1576 4403 d.

394 4440 464 4500 lust,
485 4437 579 4507 1900,
602 4457 632 4513 p.
649 4435 691 4496 60
708 4426 842 4515 (Bethe),
866 4429 926 4502 Fig.
946 4427 959 4484 l
987 4419 1138 4506 (correxit.
1154 4422 1193 4478 H.
1209 4423 1351 4502 wanlin)
1367 4425 1462 4497 1901,
1485 4451 1515 4506 p.
1532 4431 1575 4494 27

392 4525 577 4610 (voprem),
605 4522 698 4589 1905,
722 4542 751 4597 p.
771 4519 832 4579 137
856 4513 976 4593 (Pluhl).
