<?xml version="1.0" encoding="UTF-8"?>
<!DOCTYPE html PUBLIC "-//W3C//DTD XHTML 1.0 Transitional//EN"
    "http://www.w3.org/TR/xhtml1/DTD/xhtml1-transitional.dtd">
<html xmlns="http://www.w3.org/1999/xhtml" xml:lang="en" lang="en">
 <head>
  <title>
</title>
<meta http-equiv="Content-Type" content="text/html;charset=utf-8" />
  <meta name='ocr-system' content='tesseract 3.04.00' />
  <meta name='ocr-capabilities' content='ocr_page ocr_carea ocr_par ocr_line ocrx_word'/>
</head>
<body>
  <div class='ocr_page' id='page_1' title='image "./quarationepicto00rodegoog_0009.png"; bbox 0 0 3800 5292; ppageno 0'>
   <div class='ocr_carea' id='block_1_1' title="bbox 884 529 1084 592">
    <p class='ocr_par' dir='ltr' id='par_1_1' title="bbox 884 529 1084 592">
     <span class='ocr_line' id='line_1_1' title="bbox 884 529 1084 592; baseline -0.005 -17"><span class='ocrx_word' id='word_1_1' title='bbox 884 529 1084 592; x_wconf 74' lang='lat'>..4-</span> 
     </span>
    </p>
   </div>
   <div class='ocr_carea' id='block_1_2' title="bbox 396 736 1569 2540">
    <p class='ocr_par' dir='ltr' id='par_1_2' title="bbox 396 736 1569 2540">
     <span class='ocr_line' id='line_1_2' title="bbox 398 736 1569 827; baseline 0.003 -23"><span class='ocrx_word' id='word_1_2' title='bbox 398 736 584 826; x_wconf 88' lang='lat' dir='ltr'>scriptores</span> <span class='ocrx_word' id='word_1_3' title='bbox 608 738 766 822; x_wconf 77' lang='lat' dir='ltr'>doceant,</span> <span class='ocrx_word' id='word_1_4' title='bbox 790 736 904 825; x_wconf 90' lang='lat' dir='ltr'>qualis</span> <span class='ocrx_word' id='word_1_5' title='bbox 927 736 1042 822; x_wconf 75' lang='lat' dir='ltr'>fuerit,</span> <span class='ocrx_word' id='word_1_6' title='bbox 1065 736 1358 827; x_wconf 84' lang='lat' dir='ltr'>interrogandum</span> <span class='ocrx_word' id='word_1_7' title='bbox 1381 750 1442 807; x_wconf 91' lang='lat' dir='ltr'>est</span> <span class='ocrx_word' id='word_1_8' title='bbox 1490 744 1569 808; x_wconf 88' lang='lat' dir='ltr'>Hoc</span> 
     </span>
     <span class='ocr_line' id='line_1_3' title="bbox 398 844 1568 933; baseline 0.004 -22"><span class='ocrx_word' id='word_1_9' title='bbox 398 855 526 929; x_wconf 89' lang='lat' dir='ltr'>autem,</span> <span class='ocrx_word' id='word_1_10' title='bbox 551 855 592 912; x_wconf 92' lang='lat' dir='ltr'>ut</span> <span class='ocrx_word' id='word_1_11' title='bbox 607 845 808 932; x_wconf 88' lang='lat' dir='ltr'>exemplum</span> <span class='ocrx_word' id='word_1_12' title='bbox 825 847 971 912; x_wconf 81' lang='lat' dir='ltr'>afferam</span> <span class='ocrx_word' id='word_1_13' title='bbox 987 867 1094 933; x_wconf 91' lang='lat' dir='ltr'>quam</span> <span class='ocrx_word' id='word_1_14' title='bbox 1111 844 1293 933; x_wconf 91' lang='lat' dir='ltr'>optimum,</span> <span class='ocrx_word' id='word_1_15' title='bbox 1317 869 1360 913; x_wconf 85' lang='lat' dir='ltr'>ex</span> <span class='ocrx_word' id='word_1_16' title='bbox 1377 847 1568 916; x_wconf 91' lang='lat' dir='ltr'>clarissimo</span> 
     </span>
     <span class='ocr_line' id='line_1_4' title="bbox 397 949 1569 1040; baseline 0.005 -23"><span class='ocrx_word' id='word_1_17' title='bbox 397 951 458 1017; x_wconf 92' lang='lat' dir='ltr'>illo</span> <span class='ocrx_word' id='word_1_18' title='bbox 473 949 671 1018; x_wconf 87' lang='lat' dir='ltr'>Archelai</span> <span class='ocrx_word' id='word_1_19' title='bbox 696 962 821 1040; x_wconf 89' lang='lat' dir='ltr'>ectypo</span> <span class='ocrx_word' id='word_1_20' title='bbox 831 955 864 1040; x_wconf 89' lang='lat'>¹),</span> <span class='ocrx_word' id='word_1_21' title='bbox 888 953 982 1040; x_wconf 92' lang='lat' dir='ltr'>quod</span> <span class='ocrx_word' id='word_1_22' title='bbox 1000 951 1147 1019; x_wconf 85' lang='lat' dir='ltr'>Homeri</span> <span class='ocrx_word' id='word_1_23' title='bbox 1170 952 1390 1040; x_wconf 85' lang='lat' dir='ltr'>apotheosim</span> <span class='ocrx_word' id='word_1_24' title='bbox 1405 955 1569 1039; x_wconf 86' lang='lat' dir='ltr'>ostendit,</span> 
     </span>
     <span class='ocr_line' id='line_1_5' title="bbox 399 1057 1569 1148; baseline 0.005 -24"><span class='ocrx_word' id='word_1_25' title='bbox 399 1057 531 1148; x_wconf 85' lang='lat' dir='ltr'>discere</span> <span class='ocrx_word' id='word_1_26' title='bbox 570 1079 765 1145; x_wconf 89' lang='lat' dir='ltr'>possumus.</span> <span class='ocrx_word' id='word_1_27' title='bbox 832 1062 926 1126; x_wconf 91' lang='lat' dir='ltr'>Nam</span> <span class='ocrx_word' id='word_1_28' title='bbox 965 1081 1046 1126; x_wconf 92' lang='lat' dir='ltr'>cum</span> <span class='ocrx_word' id='word_1_29' title='bbox 1084 1058 1228 1126; x_wconf 92' lang='lat' dir='ltr'>omnino</span> <span class='ocrx_word' id='word_1_30' title='bbox 1266 1071 1392 1148; x_wconf 91' lang='lat' dir='ltr'>ectypa</span> <span class='ocrx_word' id='word_1_31' title='bbox 1433 1062 1569 1130; x_wconf 87' lang='lat' dir='ltr'>Graeca</span> 
     </span>
     <span class='ocr_line' id='line_1_6' title="bbox 398 1163 1569 1254; baseline 0.003 -22"><span class='ocrx_word' id='word_1_32' title='bbox 398 1187 479 1232; x_wconf 92' lang='lat' dir='ltr'>cum</span> <span class='ocrx_word' id='word_1_33' title='bbox 507 1165 654 1254; x_wconf 91' lang='lat' dir='ltr'>picturis</span> <span class='ocrx_word' id='word_1_34' title='bbox 690 1163 884 1233; x_wconf 85' lang='lat' dir='ltr'>arctissime</span> <span class='ocrx_word' id='word_1_35' title='bbox 919 1165 1128 1234; x_wconf 87' lang='lat' dir='ltr'>coniunctae</span> <span class='ocrx_word' id='word_1_36' title='bbox 1163 1165 1243 1250; x_wconf 86' lang='lat' dir='ltr'>sint,</span> <span class='ocrx_word' id='word_1_37' title='bbox 1276 1165 1363 1233; x_wconf 92' lang='lat' dir='ltr'>illud</span> <span class='ocrx_word' id='word_1_38' title='bbox 1392 1179 1467 1235; x_wconf 93' lang='lat' dir='ltr'>tota</span> <span class='ocrx_word' id='word_1_39' title='bbox 1494 1182 1569 1236; x_wconf 90' lang='lat' dir='ltr'>arte</span> 
     </span>
     <span class='ocr_line' id='line_1_7' title="bbox 398 1270 1569 1362; baseline 0.003 -24"><span class='ocrx_word' id='word_1_40' title='bbox 398 1271 557 1362; x_wconf 89' lang='lat' dir='ltr'>picturae</span> <span class='ocrx_word' id='word_1_41' title='bbox 600 1270 819 1339; x_wconf 89' lang='lat' dir='ltr'>simillimum</span> <span class='ocrx_word' id='word_1_42' title='bbox 861 1283 924 1339; x_wconf 90' lang='lat' dir='ltr'>est.</span> <span class='ocrx_word' id='word_1_43' title='bbox 990 1272 1079 1344; x_wconf 84' lang='lat' dir='ltr'>Eius</span> <span class='ocrx_word' id='word_1_44' title='bbox 1125 1271 1161 1339; x_wconf 92' lang='lat' dir='ltr'>in</span> <span class='ocrx_word' id='word_1_45' title='bbox 1207 1272 1331 1340; x_wconf 83' lang='lat' dir='ltr'>infima</span> <span class='ocrx_word' id='word_1_46' title='bbox 1376 1286 1476 1361; x_wconf 86' lang='lat' dir='ltr'>parte</span> <span class='ocrx_word' id='word_1_47' title='bbox 1518 1275 1569 1342; x_wconf 91' lang='lat' dir='ltr'>in-</span> 
     </span>
     <span class='ocr_line' id='line_1_8' title="bbox 398 1377 1569 1466; baseline 0.002 -20"><span class='ocrx_word' id='word_1_48' title='bbox 398 1390 498 1446; x_wconf 91' lang='lat' dir='ltr'>terna</span> <span class='ocrx_word' id='word_1_49' title='bbox 527 1377 652 1466; x_wconf 81' lang='lat' dir='ltr'>templi</span> <span class='ocrx_word' id='word_1_50' title='bbox 676 1380 920 1464; x_wconf 88' lang='lat' dir='ltr'>ostenduntur,</span> <span class='ocrx_word' id='word_1_51' title='bbox 955 1389 1130 1466; x_wconf 89' lang='lat' dir='ltr'>quatenus</span> <span class='ocrx_word' id='word_1_52' title='bbox 1157 1379 1304 1466; x_wconf 90' lang='lat' dir='ltr'>antiqua</span> <span class='ocrx_word' id='word_1_53' title='bbox 1327 1403 1383 1447; x_wconf 91' lang='lat' dir='ltr'>ars</span> <span class='ocrx_word' id='word_1_54' title='bbox 1405 1383 1473 1448; x_wconf 93' lang='lat' dir='ltr'>hoc</span> <span class='ocrx_word' id='word_1_55' title='bbox 1496 1382 1569 1448; x_wconf 75' lang='lat' dir='ltr'>effi-</span> 
     </span>
     <span class='ocr_line' id='line_1_9' title="bbox 398 1477 1568 1573; baseline 0.003 -21"><span class='ocrx_word' id='word_1_56' title='bbox 398 1477 486 1553; x_wconf 50' lang='lat' dir='ltr'>cere¹</span> <span class='ocrx_word' id='word_1_57' title='bbox 509 1484 633 1573; x_wconf 91' lang='lat' dir='ltr'>potuit</span> <span class='ocrx_word' id='word_1_58' title='bbox 680 1488 886 1573; x_wconf 89' lang='lat' dir='ltr'>Numquam</span> <span class='ocrx_word' id='word_1_59' title='bbox 914 1484 1009 1552; x_wconf 90' lang='lat' dir='ltr'>enim</span> <span class='ocrx_word' id='word_1_60' title='bbox 1038 1484 1175 1573; x_wconf 88' lang='lat' dir='ltr'>antiqui</span> <span class='ocrx_word' id='word_1_61' title='bbox 1209 1484 1326 1573; x_wconf 90' lang='lat' dir='ltr'>ipsum</span> <span class='ocrx_word' id='word_1_62' title='bbox 1349 1486 1415 1554; x_wconf 88' lang='lat' dir='ltr'>loci</span> <span class='ocrx_word' id='word_1_63' title='bbox 1438 1486 1568 1556; x_wconf 88' lang='lat' dir='ltr'>interni</span> 
     </span>
     <span class='ocr_line' id='line_1_10' title="bbox 398 1591 1568 1680; baseline 0.003 -21"><span class='ocrx_word' id='word_1_64' title='bbox 398 1591 562 1680; x_wconf 86' lang='lat' dir='ltr'>spatium,</span> <span class='ocrx_word' id='word_1_65' title='bbox 597 1594 659 1660; x_wconf 92' lang='lat' dir='ltr'>sed</span> <span class='ocrx_word' id='word_1_66' title='bbox 694 1592 785 1660; x_wconf 86' lang='lat' dir='ltr'>fines</span> <span class='ocrx_word' id='word_1_67' title='bbox 816 1593 1062 1660; x_wconf 88' lang='lat' dir='ltr'>tantummodo</span> <span class='ocrx_word' id='word_1_68' title='bbox 1094 1591 1170 1659; x_wconf 90' lang='lat' dir='ltr'>eius</span> <span class='ocrx_word' id='word_1_69' title='bbox 1201 1604 1321 1661; x_wconf 91' lang='lat' dir='ltr'>mente</span> <span class='ocrx_word' id='word_1_70' title='bbox 1343 1599 1568 1680; x_wconf 82' lang='lat' dir='ltr'>senserunt2),</span> 
     </span>
     <span class='ocr_line' id='line_1_11' title="bbox 398 1698 1568 1789; baseline 0.003 -23"><span class='ocrx_word' id='word_1_71' title='bbox 398 1698 518 1787; x_wconf 88' lang='lat' dir='ltr'>itaque</span> <span class='ocrx_word' id='word_1_72' title='bbox 540 1722 611 1766; x_wconf 90' lang='lat' dir='ltr'>non</span> <span class='ocrx_word' id='word_1_73' title='bbox 635 1698 755 1785; x_wconf 89' lang='lat' dir='ltr'>oculis,</span> <span class='ocrx_word' id='word_1_74' title='bbox 779 1701 840 1766; x_wconf 91' lang='lat' dir='ltr'>sed</span> <span class='ocrx_word' id='word_1_75' title='bbox 864 1698 993 1767; x_wconf 90' lang='lat' dir='ltr'>animis</span> <span class='ocrx_word' id='word_1_76' title='bbox 1015 1701 1132 1766; x_wconf 90' lang='lat' dir='ltr'>locum</span> <span class='ocrx_word' id='word_1_77' title='bbox 1155 1701 1395 1786; x_wconf 75' lang='lat' dir='ltr'>ostenderunt,</span> <span class='ocrx_word' id='word_1_78' title='bbox 1417 1701 1454 1768; x_wconf 92' lang='lat' dir='ltr'>id</span> <span class='ocrx_word' id='word_1_79' title='bbox 1475 1704 1568 1789; x_wconf 91' lang='lat' dir='ltr'>quod</span> 
     </span>
     <span class='ocr_line' id='line_1_12' title="bbox 397 1805 1568 1898; baseline 0.003 -25"><span class='ocrx_word' id='word_1_80' title='bbox 397 1805 455 1874; x_wconf 92' lang='lat' dir='ltr'>hic</span> <span class='ocrx_word' id='word_1_81' title='bbox 487 1829 626 1894; x_wconf 89' lang='lat' dir='ltr'>quoque</span> <span class='ocrx_word' id='word_1_82' title='bbox 660 1809 793 1876; x_wconf 82' lang='lat' dir='ltr'>factum</span> <span class='ocrx_word' id='word_1_83' title='bbox 828 1829 904 1874; x_wconf 89' lang='lat' dir='ltr'>esse</span> <span class='ocrx_word' id='word_1_84' title='bbox 931 1806 1101 1874; x_wconf 90' lang='lat' dir='ltr'>videmus.</span> <span class='ocrx_word' id='word_1_85' title='bbox 1149 1805 1234 1879; x_wconf 87' lang='lat' dir='ltr'>Loci</span> <span class='ocrx_word' id='word_1_86' title='bbox 1269 1807 1363 1874; x_wconf 91' lang='lat' dir='ltr'>enim</span> <span class='ocrx_word' id='word_1_87' title='bbox 1391 1810 1568 1898; x_wconf 87' lang='lat' dir='ltr'>expressio</span> 
     </span>
     <span class='ocr_line' id='line_1_13' title="bbox 397 1912 1567 2002; baseline 0.003 -23"><span class='ocrx_word' id='word_1_88' title='bbox 397 1912 433 1980; x_wconf 93' lang='lat' dir='ltr'>in</span> <span class='ocrx_word' id='word_1_89' title='bbox 470 1937 512 1981; x_wconf 93' lang='lat' dir='ltr'>eo</span> <span class='ocrx_word' id='word_1_90' title='bbox 536 1924 683 1999; x_wconf 84' lang='lat' dir='ltr'>constat,</span> <span class='ocrx_word' id='word_1_91' title='bbox 718 1915 812 2002; x_wconf 93' lang='lat' dir='ltr'>quod</span> <span class='ocrx_word' id='word_1_92' title='bbox 847 1913 963 1980; x_wconf 87' lang='lat' dir='ltr'>omnis</span> <span class='ocrx_word' id='word_1_93' title='bbox 990 1913 1107 2001; x_wconf 91' lang='lat' dir='ltr'>ectypi</span> <span class='ocrx_word' id='word_1_94' title='bbox 1134 1914 1267 1981; x_wconf 84' lang='lat' dir='ltr'>fundus</span> <span class='ocrx_word' id='word_1_95' title='bbox 1290 1912 1375 2001; x_wconf 93' lang='lat' dir='ltr'>ipsis</span> <span class='ocrx_word' id='word_1_96' title='bbox 1399 1917 1502 1983; x_wconf 90' lang='lat' dir='ltr'>rebus</span> <span class='ocrx_word' id='word_1_97' title='bbox 1526 1957 1567 1966; x_wconf 83' lang='lat'><em>-</em></span> 
     </span>
     <span class='ocr_line' id='line_1_14' title="bbox 396 2020 1569 2109; baseline 0.003 -22"><span class='ocrx_word' id='word_1_98' title='bbox 396 2020 417 2087; x_wconf 89' lang='lat' dir='ltr'>i.</span> <span class='ocrx_word' id='word_1_99' title='bbox 435 2043 462 2088; x_wconf 88' lang='lat' dir='ltr'>e.</span> <span class='ocrx_word' id='word_1_100' title='bbox 485 2020 574 2088; x_wconf 88' lang='lat' dir='ltr'>velis</span> <span class='ocrx_word' id='word_1_101' title='bbox 598 2020 842 2109; x_wconf 90' lang='lat' dir='ltr'>capitibusque</span> <span class='ocrx_word' id='word_1_102' title='bbox 866 2023 1110 2089; x_wconf 90' lang='lat' dir='ltr'>columnarum</span> <span class='ocrx_word' id='word_1_103' title='bbox 1133 2021 1403 2108; x_wconf 85' lang='lat' dir='ltr'>repraesentatis</span> <span class='ocrx_word' id='word_1_104' title='bbox 1425 2061 1466 2070; x_wconf 93' lang='lat'>—-</span> <span class='ocrx_word' id='word_1_105' title='bbox 1483 2034 1569 2090; x_wconf 89' lang='lat' dir='ltr'>tam-</span> 
     </span>
     <span class='ocr_line' id='line_1_15' title="bbox 398 2126 1569 2216; baseline 0.002 -22"><span class='ocrx_word' id='word_1_106' title='bbox 398 2149 505 2214; x_wconf 92' lang='lat' dir='ltr'>quam</span> <span class='ocrx_word' id='word_1_107' title='bbox 527 2126 642 2215; x_wconf 85' lang='lat' dir='ltr'>paries</span> <span class='ocrx_word' id='word_1_108' title='bbox 666 2127 898 2216; x_wconf 84' lang='lat' dir='ltr'>significatur,</span> <span class='ocrx_word' id='word_1_109' title='bbox 933 2151 1014 2195; x_wconf 86' lang='lat' dir='ltr'>cum</span> <span class='ocrx_word' id='word_1_110' title='bbox 1049 2139 1164 2196; x_wconf 91' lang='lat' dir='ltr'>cetera</span> <span class='ocrx_word' id='word_1_111' title='bbox 1186 2150 1242 2194; x_wconf 89' lang='lat' dir='ltr'>ars</span> <span class='ocrx_word' id='word_1_112' title='bbox 1265 2149 1336 2194; x_wconf 91' lang='lat' dir='ltr'>non</span> <span class='ocrx_word' id='word_1_113' title='bbox 1361 2127 1499 2196; x_wconf 87' lang='lat' dir='ltr'>diversa</span> <span class='ocrx_word' id='word_1_114' title='bbox 1522 2129 1569 2196; x_wconf 92' lang='lat' dir='ltr'>sit</span> 
     </span>
     <span class='ocr_line' id='line_1_16' title="bbox 397 2232 1567 2323; baseline 0.002 -22"><span class='ocrx_word' id='word_1_115' title='bbox 397 2235 441 2302; x_wconf 92' lang='lat' dir='ltr'>ab</span> <span class='ocrx_word' id='word_1_116' title='bbox 476 2234 554 2302; x_wconf 92' lang='lat' dir='ltr'>aliis</span> <span class='ocrx_word' id='word_1_117' title='bbox 589 2233 732 2323; x_wconf 79' lang='lat' dir='ltr'>ectypiS‚</span> <span class='ocrx_word' id='word_1_118' title='bbox 766 2235 803 2302; x_wconf 95' lang='lat' dir='ltr'>id</span> <span class='ocrx_word' id='word_1_119' title='bbox 838 2236 932 2323; x_wconf 91' lang='lat' dir='ltr'>quod</span> <span class='ocrx_word' id='word_1_120' title='bbox 965 2234 1001 2302; x_wconf 93' lang='lat' dir='ltr'>in</span> <span class='ocrx_word' id='word_1_121' title='bbox 1025 2258 1067 2302; x_wconf 86' lang='lat' dir='ltr'>eo</span> <span class='ocrx_word' id='word_1_122' title='bbox 1090 2232 1262 2322; x_wconf 88' lang='lat' dir='ltr'>imprimis</span> <span class='ocrx_word' id='word_1_123' title='bbox 1286 2247 1448 2322; x_wconf 52' lang='lat' dir='ltr'>apparet„</span> <span class='ocrx_word' id='word_1_124' title='bbox 1474 2238 1567 2323; x_wconf 91' lang='lat' dir='ltr'>quod</span> 
     </span>
     <span class='ocr_line' id='line_1_17' title="bbox 396 2341 1567 2430; baseline 0.001 -22"><span class='ocrx_word' id='word_1_125' title='bbox 396 2343 468 2408; x_wconf 83' lang='lat' dir='ltr'>fere</span> <span class='ocrx_word' id='word_1_126' title='bbox 502 2353 617 2409; x_wconf 87' lang='lat' dir='ltr'>rectae</span> <span class='ocrx_word' id='word_1_127' title='bbox 651 2353 687 2409; x_wconf 93' lang='lat' dir='ltr'>et</span> <span class='ocrx_word' id='word_1_128' title='bbox 720 2343 915 2430; x_wconf 87' lang='lat' dir='ltr'>parallelae,</span> <span class='ocrx_word' id='word_1_129' title='bbox 950 2364 1021 2408; x_wconf 91' lang='lat' dir='ltr'>non</span> <span class='ocrx_word' id='word_1_130' title='bbox 1054 2341 1217 2429; x_wconf 89' lang='lat' dir='ltr'>obliquae</span> <span class='ocrx_word' id='word_1_131' title='bbox 1251 2351 1287 2408; x_wconf 89' lang='lat' dir='ltr'>et</span> <span class='ocrx_word' id='word_1_132' title='bbox 1321 2354 1567 2410; x_wconf 90' lang='lat' dir='ltr'>concurrentes</span> 
     </span>
     <span class='ocr_line' id='line_1_18' title="bbox 396 2447 933 2540; baseline 0.004 -26"><span class='ocrx_word' id='word_1_133' title='bbox 396 2447 585 2540; x_wconf 85' lang='lat' dir='ltr'>finguntur</span> <span class='ocrx_word' id='word_1_134' title='bbox 607 2447 722 2517; x_wconf 89' lang='lat' dir='ltr'>lineae</span> <span class='ocrx_word' id='word_1_135' title='bbox 745 2448 933 2516; x_wconf 89' lang='lat' dir='ltr'>ordinatae.</span> 
     </span>
    </p>
   </div>
   <div class='ocr_carea' id='block_1_3' title="bbox 396 2572 1568 3198">
    <p class='ocr_par' dir='ltr' id='par_1_3' title="bbox 396 2572 1568 3198">
     <span class='ocr_line' id='line_1_19' title="bbox 504 2572 1568 2661; baseline -0.005 -15"><span class='ocrx_word' id='word_1_136' title='bbox 504 2575 560 2646; x_wconf 85' lang='lat' dir='ltr'>Ex</span> <span class='ocrx_word' id='word_1_137' title='bbox 595 2574 655 2642; x_wconf 90' lang='lat' dir='ltr'>illa</span> <span class='ocrx_word' id='word_1_138' title='bbox 690 2585 809 2642; x_wconf 88' lang='lat' dir='ltr'>autem</span> <span class='ocrx_word' id='word_1_139' title='bbox 844 2573 975 2642; x_wconf 91' lang='lat' dir='ltr'>interni</span> <span class='ocrx_word' id='word_1_140' title='bbox 1009 2572 1114 2661; x_wconf 90' lang='lat' dir='ltr'>spatii</span> <span class='ocrx_word' id='word_1_141' title='bbox 1137 2572 1300 2661; x_wconf 83' lang='lat' dir='ltr'>fingendi</span> <span class='ocrx_word' id='word_1_142' title='bbox 1323 2572 1459 2640; x_wconf 92' lang='lat' dir='ltr'>ratione</span> <span class='ocrx_word' id='word_1_143' title='bbox 1482 2574 1568 2641; x_wconf 92' lang='lat' dir='ltr'>deri-</span> 
     </span>
     <span class='ocr_line' id='line_1_20' title="bbox 397 2667 1568 2771; baseline -0.002 -23"><span class='ocrx_word' id='word_1_144' title='bbox 397 2667 555 2748; x_wconf 84' lang='lat' dir='ltr'>vandum</span> <span class='ocrx_word' id='word_1_145' title='bbox 578 2693 640 2766; x_wconf 87' lang='lat' dir='ltr'>est,</span> <span class='ocrx_word' id='word_1_146' title='bbox 664 2683 758 2770; x_wconf 90' lang='lat' dir='ltr'>quod</span> <span class='ocrx_word' id='word_1_147' title='bbox 781 2684 886 2771; x_wconf 92' lang='lat' dir='ltr'>plane</span> <span class='ocrx_word' id='word_1_148' title='bbox 902 2682 1063 2765; x_wconf 85' lang='lat' dir='ltr'>eundem,</span> <span class='ocrx_word' id='word_1_149' title='bbox 1087 2680 1155 2747; x_wconf 92' lang='lat' dir='ltr'>nisi</span> <span class='ocrx_word' id='word_1_150' title='bbox 1179 2679 1295 2769; x_wconf 90' lang='lat' dir='ltr'>specie</span> <span class='ocrx_word' id='word_1_151' title='bbox 1314 2679 1457 2767; x_wconf 87' lang='lat' dir='ltr'>parietis</span> <span class='ocrx_word' id='word_1_152' title='bbox 1478 2703 1568 2747; x_wconf 90' lang='lat' dir='ltr'>com-</span> 
     </span>
     <span class='ocr_line' id='line_1_21' title="bbox 396 2787 1568 2874; baseline -0.001 -20"><span class='ocrx_word' id='word_1_153' title='bbox 396 2799 542 2872; x_wconf 90' lang='lat' dir='ltr'>mutata,</span> <span class='ocrx_word' id='word_1_154' title='bbox 576 2789 694 2856; x_wconf 90' lang='lat' dir='ltr'>locum</span> <span class='ocrx_word' id='word_1_155' title='bbox 721 2799 993 2856; x_wconf 89' lang='lat' dir='ltr'>monumentum</span> <span class='ocrx_word' id='word_1_156' title='bbox 1027 2787 1169 2874; x_wconf 90' lang='lat' dir='ltr'>aliquod</span> <span class='ocrx_word' id='word_1_157' title='bbox 1200 2787 1352 2874; x_wconf 76' lang='lat' dir='ltr'>praebet,</span> <span class='ocrx_word' id='word_1_158' title='bbox 1386 2788 1480 2873; x_wconf 91' lang='lat' dir='ltr'>quod</span> <span class='ocrx_word' id='word_1_159' title='bbox 1508 2788 1568 2854; x_wconf 90' lang='lat' dir='ltr'>ho-</span> 
     </span>
     <span class='ocr_line' id='line_1_22' title="bbox 396 2892 1567 2980; baseline 0 -19"><span class='ocrx_word' id='word_1_160' title='bbox 396 2894 510 2962; x_wconf 90' lang='lat' dir='ltr'>mines</span> <span class='ocrx_word' id='word_1_161' title='bbox 535 2918 606 2963; x_wconf 92' lang='lat' dir='ltr'>non</span> <span class='ocrx_word' id='word_1_162' title='bbox 634 2896 728 2964; x_wconf 90' lang='lat' dir='ltr'>intra</span> <span class='ocrx_word' id='word_1_163' title='bbox 751 2898 904 2980; x_wconf 89' lang='lat' dir='ltr'>domum,</span> <span class='ocrx_word' id='word_1_164' title='bbox 933 2895 995 2962; x_wconf 92' lang='lat' dir='ltr'>sed</span> <span class='ocrx_word' id='word_1_165' title='bbox 1018 2905 1101 2962; x_wconf 90' lang='lat' dir='ltr'>ante</span> <span class='ocrx_word' id='word_1_166' title='bbox 1124 2896 1269 2961; x_wconf 90' lang='lat' dir='ltr'>domum</span> <span class='ocrx_word' id='word_1_167' title='bbox 1292 2893 1327 2960; x_wconf 93' lang='lat' dir='ltr'>in</span> <span class='ocrx_word' id='word_1_168' title='bbox 1352 2892 1411 2961; x_wconf 91' lang='lat' dir='ltr'>via</span> <span class='ocrx_word' id='word_1_169' title='bbox 1433 2904 1567 2961; x_wconf 88' lang='lat' dir='ltr'>stantes</span> 
     </span>
     <span class='ocr_line' id='line_1_23' title="bbox 396 3000 1567 3091; baseline -0.003 -22"><span class='ocrx_word' id='word_1_170' title='bbox 396 3002 560 3088; x_wconf 84' lang='lat' dir='ltr'>ostendit,</span> <span class='ocrx_word' id='word_1_171' title='bbox 584 3026 673 3091; x_wconf 92' lang='lat' dir='ltr'>opus</span> <span class='ocrx_word' id='word_1_172' title='bbox 707 3003 795 3070; x_wconf 91' lang='lat' dir='ltr'>illud</span> <span class='ocrx_word' id='word_1_173' title='bbox 822 3001 1002 3070; x_wconf 90' lang='lat' dir='ltr'>musivum</span> <span class='ocrx_word' id='word_1_174' title='bbox 1027 3000 1189 3090; x_wconf 89' lang='lat' dir='ltr'>Pompeis</span> <span class='ocrx_word' id='word_1_175' title='bbox 1217 3012 1402 3086; x_wconf 89' lang='lat' dir='ltr'>repertum,</span> <span class='ocrx_word' id='word_1_176' title='bbox 1436 3000 1567 3087; x_wconf 91' lang='lat' dir='ltr'>inquo</span> 
     </span>
     <span class='ocr_line' id='line_1_24' title="bbox 396 3108 1164 3198; baseline -0.001 -22"><span class='ocrx_word' id='word_1_177' title='bbox 396 3120 681 3198; x_wconf 84' lang='lat' dir='ltr'>metragyrtae</span> <span class='ocrx_word' id='word_1_178' title='bbox 703 3110 867 3177; x_wconf 90' lang='lat' dir='ltr'>nonnulli</span> <span class='ocrx_word' id='word_1_179' title='bbox 891 3108 1019 3197; x_wconf 87' lang='lat' dir='ltr'>depicti</span> <span class='ocrx_word' id='word_1_180' title='bbox 1042 3113 1164 3190; x_wconf 84' lang='lat' dir='ltr'>sunt³)</span> 
     </span>
    </p>
   </div>
   <div class='ocr_carea' id='block_1_4' title="bbox 356 3229 1641 4073">
    <p class='ocr_par' dir='ltr' id='par_1_4' title="bbox 356 3229 1641 4073">
     <span class='ocr_line' id='line_1_25' title="bbox 503 3229 1567 3322; baseline -0.008 -17"><span class='ocrx_word' id='word_1_181' title='bbox 503 3235 664 3306; x_wconf 84' lang='lat' dir='ltr'>Eandem</span> <span class='ocrx_word' id='word_1_182' title='bbox 703 3235 769 3303; x_wconf 93' lang='lat' dir='ltr'>loci</span> <span class='ocrx_word' id='word_1_183' title='bbox 809 3233 1069 3322; x_wconf 88' lang='lat' dir='ltr'>expressionem</span> <span class='ocrx_word' id='word_1_184' title='bbox 1106 3231 1143 3298; x_wconf 91' lang='lat' dir='ltr'>in</span> <span class='ocrx_word' id='word_1_185' title='bbox 1179 3229 1416 3319; x_wconf 89' lang='lat' dir='ltr'>superioribus</span> <span class='ocrx_word' id='word_1_186' title='bbox 1450 3230 1567 3298; x_wconf 83' lang='lat' dir='ltr'>fasciis</span> 
     </span>
     <span class='ocr_line' id='line_1_26' title="bbox 396 3337 1567 3432; baseline -0.004 -24"><span class='ocrx_word' id='word_1_187' title='bbox 396 3341 558 3410; x_wconf 85' lang='lat' dir='ltr'>Archelai</span> <span class='ocrx_word' id='word_1_188' title='bbox 594 3342 711 3432; x_wconf 88' lang='lat' dir='ltr'>ectypi</span> <span class='ocrx_word' id='word_1_189' title='bbox 746 3341 957 3426; x_wconf 68' lang='lat' dir='ltr'>invenimus</span> <span class='ocrx_word' id='word_1_190' title='bbox 991 3363 1082 3428; x_wconf 91' lang='lat' dir='ltr'>quae</span> <span class='ocrx_word' id='word_1_191' title='bbox 1116 3363 1158 3406; x_wconf 91' lang='lat' dir='ltr'>eo</span> <span class='ocrx_word' id='word_1_192' title='bbox 1193 3347 1332 3406; x_wconf 88' lang='lat' dir='ltr'>tantum</span> <span class='ocrx_word' id='word_1_193' title='bbox 1365 3339 1410 3404; x_wconf 94' lang='lat' dir='ltr'>ab</span> <span class='ocrx_word' id='word_1_194' title='bbox 1444 3337 1567 3404; x_wconf 82' lang='lat' dir='ltr'>infima</span> 
     </span>
     <span class='ocr_line' id='line_1_27' title="bbox 395 3443 1566 3537; baseline -0.005 -21"><span class='ocrx_word' id='word_1_195' title='bbox 395 3449 456 3516; x_wconf 92' lang='lat' dir='ltr'>illa</span> <span class='ocrx_word' id='word_1_196' title='bbox 480 3449 640 3518; x_wconf 88' lang='lat' dir='ltr'>diversae</span> <span class='ocrx_word' id='word_1_197' title='bbox 663 3461 756 3534; x_wconf 87' lang='lat' dir='ltr'>sunt,</span> <span class='ocrx_word' id='word_1_198' title='bbox 794 3450 888 3537; x_wconf 91' lang='lat' dir='ltr'>quod</span> <span class='ocrx_word' id='word_1_199' title='bbox 912 3449 1044 3515; x_wconf 79' lang='lat' dir='ltr'>fundus</span> <span class='ocrx_word' id='word_1_200' title='bbox 1068 3469 1140 3513; x_wconf 91' lang='lat' dir='ltr'>non</span> <span class='ocrx_word' id='word_1_201' title='bbox 1169 3443 1320 3531; x_wconf 79' lang='lat' dir='ltr'>parietis,</span> <span class='ocrx_word' id='word_1_202' title='bbox 1351 3445 1412 3509; x_wconf 80' lang='lat' dir='ltr'>sed</span> <span class='ocrx_word' id='word_1_203' title='bbox 1434 3444 1566 3510; x_wconf 90' lang='lat' dir='ltr'>montis</span> 
     </span>
     <span class='ocr_line' id='line_1_28' title="bbox 356 3551 1567 3646; baseline -0.007 -22"><span class='ocrx_word' id='word_1_204' title='bbox 356 3587 360 3594; x_wconf 50' lang='lat'>*</span> <span class='ocrx_word' id='word_1_205' title='bbox 395 3555 548 3645; x_wconf 88' lang='lat' dir='ltr'>speciem</span> <span class='ocrx_word' id='word_1_206' title='bbox 575 3558 695 3642; x_wconf 85' lang='lat' dir='ltr'>habet,</span> <span class='ocrx_word' id='word_1_207' title='bbox 730 3580 835 3646; x_wconf 91' lang='lat' dir='ltr'>quem</span> <span class='ocrx_word' id='word_1_208' title='bbox 872 3561 1082 3623; x_wconf 89' lang='lat' dir='ltr'>Parnassum</span> <span class='ocrx_word' id='word_1_209' title='bbox 1117 3551 1320 3619; x_wconf 90' lang='lat' dir='ltr'>habendum</span> <span class='ocrx_word' id='word_1_210' title='bbox 1354 3572 1431 3616; x_wconf 91' lang='lat' dir='ltr'>esse</span> <span class='ocrx_word' id='word_1_211' title='bbox 1464 3572 1567 3637; x_wconf 88' lang='lat' dir='ltr'>argu-</span> 
     </span>
     <span class='ocr_line' id='line_1_29' title="bbox 395 3657 1566 3752; baseline -0.006 -22"><span class='ocrx_word' id='word_1_212' title='bbox 395 3674 556 3731; x_wconf 92' lang='lat' dir='ltr'>mentum</span> <span class='ocrx_word' id='word_1_213' title='bbox 590 3665 700 3732; x_wconf 88' lang='lat' dir='ltr'>docet</span> <span class='ocrx_word' id='word_1_214' title='bbox 747 3668 872 3752; x_wconf 89' lang='lat' dir='ltr'>Neque</span> <span class='ocrx_word' id='word_1_215' title='bbox 906 3673 1025 3729; x_wconf 91' lang='lat' dir='ltr'>tamen</span> <span class='ocrx_word' id='word_1_216' title='bbox 1060 3658 1118 3725; x_wconf 93' lang='lat' dir='ltr'>hic</span> <span class='ocrx_word' id='word_1_217' title='bbox 1140 3679 1243 3724; x_wconf 91' lang='lat' dir='ltr'>mons</span> <span class='ocrx_word' id='word_1_218' title='bbox 1270 3665 1380 3721; x_wconf 87' lang='lat' dir='ltr'>totam</span> <span class='ocrx_word' id='word_1_219' title='bbox 1409 3657 1566 3723; x_wconf 90' lang='lat' dir='ltr'>tabulam</span> 
     </span>
     <span class='ocr_line' id='line_1_30' title="bbox 396 3760 1641 3859; baseline -0.012 -23"><span class='ocrx_word' id='word_1_220' title='bbox 396 3773 522 3857; x_wconf 74' lang='lat' dir='ltr'>explet,</span> <span class='ocrx_word' id='word_1_221' title='bbox 558 3773 618 3838; x_wconf 90' lang='lat' dir='ltr'>sed</span> <span class='ocrx_word' id='word_1_222' title='bbox 654 3794 760 3859; x_wconf 89' lang='lat' dir='ltr'>supra</span> <span class='ocrx_word' id='word_1_223' title='bbox 794 3772 954 3837; x_wconf 89' lang='lat' dir='ltr'>flexuosa</span> <span class='ocrx_word' id='word_1_224' title='bbox 981 3767 1083 3850; x_wconf 83' lang='lat' dir='ltr'>linea,</span> <span class='ocrx_word' id='word_1_225' title='bbox 1119 3785 1208 3852; x_wconf 90' lang='lat' dir='ltr'>quae</span> <span class='ocrx_word' id='word_1_226' title='bbox 1235 3760 1469 3846; x_wconf 90' lang='lat' dir='ltr'>hemicyclum</span> <span class='ocrx_word' id='word_1_227' title='bbox 1495 3764 1567 3829; x_wconf 80' lang='lat' dir='ltr'>fere</span> <span class='ocrx_word' id='word_1_228' title='bbox 1636 3815 1641 3821; x_wconf 92' lang='lat'>.</span> 
     </span>
     <span class='ocr_line' id='line_1_31' title="bbox 395 3867 1566 3969; baseline -0.009 -25"><span class='ocrx_word' id='word_1_229' title='bbox 395 3876 514 3962; x_wconf 81' lang='lat' dir='ltr'>efficit,</span> <span class='ocrx_word' id='word_1_230' title='bbox 545 3878 714 3946; x_wconf 85' lang='lat' dir='ltr'>definitur</span> <span class='ocrx_word' id='word_1_231' title='bbox 748 3877 806 3962; x_wconf 84' lang='lat' dir='ltr'>ita,</span> <span class='ocrx_word' id='word_1_232' title='bbox 841 3887 883 3944; x_wconf 89' lang='lat' dir='ltr'>ut</span> <span class='ocrx_word' id='word_1_233' title='bbox 909 3878 954 3942; x_wconf 92' lang='lat' dir='ltr'>ab</span> <span class='ocrx_word' id='word_1_234' title='bbox 978 3885 1127 3960; x_wconf 88' lang='lat' dir='ltr'>utroque</span> <span class='ocrx_word' id='word_1_235' title='bbox 1150 3872 1258 3937; x_wconf 88' lang='lat' dir='ltr'>latere</span> <span class='ocrx_word' id='word_1_236' title='bbox 1280 3867 1566 3969; x_wconf 82' lang='lat' dir='ltr'>parsmarmoris</span> 
     </span>
     <span class='ocr_line' id='line_1_32' title="bbox 395 3972 1566 4073; baseline -0.009 -22"><span class='ocrx_word' id='word_1_237' title='bbox 395 3984 484 4054; x_wconf 92' lang='lat' dir='ltr'>levis</span> <span class='ocrx_word' id='word_1_238' title='bbox 518 3984 745 4073; x_wconf 89' lang='lat' dir='ltr'>relinquatur,</span> <span class='ocrx_word' id='word_1_239' title='bbox 779 3983 816 4051; x_wconf 94' lang='lat' dir='ltr'>in</span> <span class='ocrx_word' id='word_1_240' title='bbox 852 4004 959 4070; x_wconf 89' lang='lat' dir='ltr'>quam</span> <span class='ocrx_word' id='word_1_241' title='bbox 993 4004 1014 4046; x_wconf 92' lang='lat' dir='ltr'>a</span> <span class='ocrx_word' id='word_1_242' title='bbox 1037 3979 1161 4046; x_wconf 88' lang='lat' dir='ltr'>dextra</span> <span class='ocrx_word' id='word_1_243' title='bbox 1184 3973 1361 4061; x_wconf 87' lang='lat' dir='ltr'>Calliopae</span> <span class='ocrx_word' id='word_1_244' title='bbox 1382 3972 1566 4040; x_wconf 87' lang='lat' dir='ltr'>brachium</span> 
     </span>
    </p>
   </div>
   <div class='ocr_carea' id='block_1_5' title="bbox 399 4167 609 4182">
    <p class='ocr_par' dir='ltr' id='par_1_5' title="bbox 399 4167 609 4182">
     <span class='ocr_line' id='line_1_33' title="bbox 399 4167 609 4182; baseline -0.005 -4"><span class='ocrx_word' id='word_1_245' title='bbox 399 4167 609 4182; x_wconf 61' lang='lat' dir='ltr'><em>-—-—q</em></span> 
     </span>
    </p>
   </div>
   <div class='ocr_carea' id='block_1_6' title="bbox 431 4252 1522 4575">
    <p class='ocr_par' dir='ltr' id='par_1_6' title="bbox 431 4252 1522 4575">
     <span class='ocr_line' id='line_1_34' title="bbox 507 4252 1522 4356; baseline -0.019 -18"><span class='ocrx_word' id='word_1_246' title='bbox 507 4280 530 4356; x_wconf 89' lang='lat'>¹)</span> <span class='ocrx_word' id='word_1_247' title='bbox 555 4279 589 4338; x_wconf 93' lang='lat' dir='ltr'>C.</span> <span class='ocrx_word' id='word_1_248' title='bbox 606 4252 784 4354; x_wconf 74' lang='lat' dir='ltr'>Watzinger,</span> <span class='ocrx_word' id='word_1_249' title='bbox 809 4274 898 4336; x_wconf 70' lang='lat' dir='ltr'>satas</span> <span class='ocrx_word' id='word_1_250' title='bbox 921 4272 1058 4331; x_wconf 86' lang='lat' dir='ltr'>Berliner</span> <span class='ocrx_word' id='word_1_251' title='bbox 1080 4266 1403 4337; x_wconf 65' lang='lat' dir='ltr'>winkelmannsprogr.</span> <span class='ocrx_word' id='word_1_252' title='bbox 1429 4261 1522 4323; x_wconf 87' lang='grc'><strong>1903.</strong></span> 
     </span>
     <span class='ocr_line' id='line_1_35' title="bbox 431 4367 1437 4474; baseline -0.021 -28"><span class='ocrx_word' id='word_1_253' title='bbox 431 4413 433 4418; x_wconf 61' lang='grc'>’</span> <span class='ocrx_word' id='word_1_254' title='bbox 505 4382 532 4471; x_wconf 83' lang='lat'>²)</span> <span class='ocrx_word' id='word_1_255' title='bbox 556 4387 601 4446; x_wconf 81' lang='lat' dir='ltr'>Cf.</span> <span class='ocrx_word' id='word_1_256' title='bbox 618 4389 652 4444; x_wconf 82' lang='grc' dir='ltr'>Δ.</span> <span class='ocrx_word' id='word_1_257' title='bbox 667 4385 763 4462; x_wconf 71' lang='lat' dir='ltr'>megi,</span> <span class='ocrx_word' id='word_1_258' title='bbox 786 4379 1011 4458; x_wconf 71' lang='lat' dir='ltr'>Spatrbmische</span> <span class='ocrx_word' id='word_1_259' title='bbox 1034 4371 1286 4474; x_wconf 62' lang='lat' dir='ltr'>Konstindustriq</span> <span class='ocrx_word' id='word_1_260' title='bbox 1308 4389 1338 4444; x_wconf 92' lang='lat' dir='ltr'>p.</span> <span class='ocrx_word' id='word_1_261' title='bbox 1357 4367 1395 4428; x_wconf 89' lang='lat'>15</span> <span class='ocrx_word' id='word_1_262' title='bbox 1408 4370 1437 4426; x_wconf 83' lang='lat' dir='ltr'>ff.</span> 
     </span>
     <span class='ocr_line' id='line_1_36' title="bbox 504 4473 1338 4575; baseline -0.026 -20"><span class='ocrx_word' id='word_1_263' title='bbox 504 4494 529 4574; x_wconf 83' lang='lat'>³)</span> <span class='ocrx_word' id='word_1_264' title='bbox 552 4495 655 4575; x_wconf 81' lang='lat' dir='ltr'>Jahrb.</span> <span class='ocrx_word' id='word_1_265' title='bbox 681 4494 709 4552; x_wconf 87' lang='lat' dir='ltr'>d.</span> <span class='ocrx_word' id='word_1_266' title='bbox 731 4490 803 4550; x_wconf 85' lang='lat' dir='ltr'>lust.</span> <span class='ocrx_word' id='word_1_267' title='bbox 826 4486 868 4568; x_wconf 74' lang='lat' dir='ltr'>X,</span> <span class='ocrx_word' id='word_1_268' title='bbox 895 4483 989 4553; x_wconf 81' lang='lat'><strong>1886.</strong></span> <span class='ocrx_word' id='word_1_269' title='bbox 1012 4482 1101 4542; x_wconf 78' lang='lat' dir='ltr'>Atcb.</span> <span class='ocrx_word' id='word_1_270' title='bbox 1116 4480 1196 4547; x_wconf 68' lang='lat' dir='ltr'>Ana„</span> <span class='ocrx_word' id='word_1_271' title='bbox 1218 4496 1249 4552; x_wconf 80' lang='lat' dir='ltr'>p·</span> <span class='ocrx_word' id='word_1_272' title='bbox 1267 4473 1338 4536; x_wconf 81' lang='lat'>122.</span> 
     </span>
    </p>
   </div>
   <div class='ocr_carea' id='block_1_7' title="bbox 0 0 1904 5292">
    <p class='ocr_par' dir='ltr' id='par_1_7' title="bbox 0 0 1904 5292">
     <span class='ocr_line' id='line_1_37' title="bbox 0 0 1904 5292; baseline 0 1"><span class='ocrx_word' id='word_1_273' title='bbox 0 0 1904 5292; x_wconf 95' lang='lat' dir='ltr'> </span> 
     </span>
    </p>
   </div>
  </div>
 </body>
</html>
