3800 5292
802 583 1039 646 ...9..,

317 790 436 862 sitioni
466 802 502 860 et
528 791 705 859 mensuris
736 790 908 860 tribuisse.
955 794 1147 881 Dispositio
1175 803 1294 861 autem
1318 796 1363 862 ad
1388 794 1490 863 collo-

317 901 493 968 cationem
528 897 726 986 figurarum
759 898 927 986 pertinet,
962 923 1142 967 mensurae
1169 900 1201 988 (i.
1226 925 1252 969 e.
1277 901 1489 988 symmetria,

319 1006 402 1074 Plin.
421 1011 472 1091 35,
500 1007 583 1093 107),
607 1016 648 1074 ut
670 1004 746 1093 ipsa
769 1007 877 1074 verba
900 1007 1036 1092 docent,
1060 1008 1105 1074 ad
1121 1006 1318 1094 figurarum
1334 1019 1371 1076 et
1385 1008 1490 1077 inter-

316 1115 490 1182 vallorum
513 1111 785 1182 vicissitudines,
797 1113 817 1198 ¹)
865 1117 990 1200 Itaque
1017 1116 1159 1201 Apelles
1182 1114 1212 1182 is
1228 1116 1412 1183 habendus
1428 1129 1489 1201 est,

317 1219 376 1308 qui
411 1241 553 1287 omnem
577 1218 726 1308 priorem
751 1229 861 1288 artem
886 1220 1154 1305 consummavit,
1189 1221 1309 1289 sedin
1334 1225 1491 1290 locoex·

318 1327 501 1416 primendo
536 1329 652 1394 nullas
686 1350 798 1396 novas
833 1327 909 1395 vias
944 1328 1011 1395 arti
1050 1329 1195 1416 aperuit
1254 1331 1360 1399 Unde
1393 1331 1490 1398 haud

317 1434 388 1502 scio
424 1457 469 1502 an
504 1433 671 1522 explicari
709 1433 833 1521 possit,
869 1436 976 1522 quod,
1011 1457 1092 1501 curn
1120 1435 1207 1504 alios
1235 1436 1362 1504 aetatis
1395 1435 1490 1504 illius

317 1541 467 1629 pictores
498 1540 690 1629 discipulos
717 1540 878 1607 docuisse
907 1541 1077 1608 traditum
1105 1541 1159 1626 sit,
1195 1542 1342 1632 Lysippi
1370 1554 1490 1611 autern

316 1650 448 1716 multos
472 1635 663 1736 discipulos
686 1646 898 1732 noverimus,
926 1648 1061 1736 Apellis
1083 1672 1156 1715 non
1180 1648 1249 1716 nisi
1273 1672 1366 1717 unus
1389 1649 1489 1737 isque

317 1755 487 1842 ignobilis
510 1753 704 1841 discipulus
713 1755 739 1842 ²)
764 1753 913 1822 traditus
937 1765 998 1822 est

425 1865 504 1929 Hae
542 1859 655 1947 igitur
694 1861 835 1927 tabulae
874 1861 1091 1948 temporibus
1130 1874 1213 1930 ante
1246 1865 1489 1932 Alexandrum

318 1974 491 2056 Magnum
504 1967 711 2035 tribuendae
724 1977 817 2052 sunt,
833 1967 1133 2036 hellenisticarum
1149 1981 1268 2037 autem
1281 1973 1490 2058 tabularum

316 2087 357 2144 ut
373 2086 408 2142 et
423 2097 479 2142 ars
496 2086 532 2142 et
547 2085 758 2160 argumenta
774 2075 910 2160 docent,
932 2077 1137 2164 apographa
1151 2098 1305 2164 magnus
1321 2101 1490 2146 numerus

315 2181 532 2272 picturarum
549 2185 790 2247 Romanarum
813 2183 965 2268 praebet
1006 2185 1057 2249 Ac
1081 2204 1293 2270 quamquam
1319 2185 1490 2273 Pompeis,

315 2288 502 2378 praecipue
525 2310 639 2375 nuper
661 2286 698 2354 in
722 2287 800 2356 vico
825 2290 1038 2371 Boscoreale,
1061 2289 1195 2356 multae
1224 2288 1396 2357 eiusmodi
1420 2291 1490 2378 pic·

317 2408 416 2465 turae
448 2397 615 2464 inventae
638 2405 731 2480 sunt,
767 2405 885 2462 tamen
912 2394 1087 2484 copiosius
1110 2396 1154 2462 de
1177 2395 1220 2462 iis
1244 2399 1489 2464 tantummodo

230 2511 246 2526 ⁸
317 2527 431 2592 agam,
456 2525 546 2590 quae
570 2507 705 2570 Romae
728 2512 886 2589 repertae
909 2500 1008 2569 sunt
1048 2506 1142 2569 Nam
1160 2503 1393 2590 Pompeianae
1408 2504 1490 2572 illae

316 2610 404 2678 nihil
434 2609 519 2678 novi
548 2610 749 2694 ostendunt,
782 2619 963 2696 praeterea
993 2610 1086 2676 male
1109 2622 1336 2678 conservatae
1361 2622 1397 2678 et
1418 2612 1490 2699 ple-

316 2740 464 2806 rumque
486 2716 641 2784 ineditae
665 2726 756 2782 sunt.

423 2828 548 2912 Itaque
577 2824 621 2890 ad
646 2845 705 2890 eas
727 2821 882 2908 picturas
904 2844 963 2888 me
986 2834 1161 2907 converto,
1185 2845 1276 2910 quae
1305 2824 1342 2891 irr
1367 2827 1489 2893 domu

318 2931 490 3015 Palatina,
529 2929 604 2997 sive
643 2927 789 3002 Liviae
823 2927 898 2996 sive
933 2929 1149 3015 Germanici,
1183 2941 1220 2998 et
1253 2953 1343 3018 quae
1376 2932 1413 2999 in
1448 2956 1490 3000 ea

316 3060 406 3126 quae
429 3037 557 3104 dicitur
580 3060 674 3114 casa
698 3035 927 3103 Farnesina
950 3038 1005 3104 vel
1023 3035 1192 3104 Tiberina
1211 3049 1369 3124 repertae
1392 3051 1486 3108 sunt.

317 3145 453 3213 Omitto
488 3154 606 3210 autern
640 3165 791 3230 magnas
830 3141 1027 3209 mediorum
1049 3141 1224 3232 parietum
1247 3143 1411 3231 picturas,
1445 3145 1489 3211 de

316 3251 444 3339 quibus
482 3249 567 3338 quid
605 3249 833 3316 iudicandum
872 3249 931 3333 sit,
970 3249 1006 3315 in
1046 3251 1201 3317 secundo
1240 3250 1355 3340 capite
1394 3250 1490 3318 vide-

316 3357 440 3426 bimus.
479 3358 735 3446 Apographa
759 3366 878 3423 autem
901 3355 963 3422 illa
986 3355 1023 3422 in
1040 3357 1129 3423 duas
1144 3368 1262 3444 partes
1277 3355 1489 3426 dividendae

317 3476 409 3550 sunt,
442 3487 590 3552 quarum
613 3487 685 3530 una
718 3463 856 3530 tabulas
887 3462 1050 3550 margine
1079 3463 1200 3550 ligneo
1224 3463 1407 3551 valvisque
1438 3463 1490 3531 in-

317 3583 467 3640 structas
484 3581 520 3638 et
535 3583 717 3658 tamquam
733 3569 769 3636 in
786 3571 984 3658 proiectura
1007 3591 1156 3637 coronae
1171 3580 1306 3637 stantes
1322 3569 1489 3654 continet,

317 3681 427 3746 altera
464 3689 582 3747 autem
622 3677 721 3766 quasi
760 3676 886 3764 parieti
921 3678 1116 3766 impressas.
1172 3681 1332 3763 Utraque
1369 3686 1488 3743 antem

318 3785 407 3853 ratio
431 3783 640 3874 scriptorum
664 3783 876 3852 testimoniis
900 3783 1029 3852 tradita
1052 3794 1114 3868 est,
1138 3782 1272 3850 sedita
1296 3793 1424 3867 tamen,
1447 3794 1490 3851 ut

317 3892 404 3960 haec
422 3892 483 3959 illa
498 3893 640 3959 demum
658 3891 741 3960 Divi
757 3890 914 3978 Augusti
930 3901 1047 3958 aetate
1062 3889 1209 3958 inventa
1224 3912 1301 3956 esse
1315 3889 1487 3959 videatur.

317 4003 412 4066 Nam
447 4020 527 4065 cum
554 3997 689 4064 Plinius
724 3999 768 4064 de
795 3998 980 4084 signorum
1014 3995 1243 4063 collocatione
1273 3995 1390 4063 verbis
1421 4020 1490 4063 esse

316 4107 374 4174 vel
398 4107 547 4172 dicatum
571 4128 640 4172 esse
662 4116 792 4190 utatur,
816 4106 859 4171 de
875 4104 1031 4192 picturis,
1055 4125 1271 4192 quamquam
1287 4106 1332 4171 de
1346 4102 1390 4171 iis
1406 4126 1489 4192 quo·

429 4342 452 4420 ¹)
464 4344 621 4401 Rossbach
638 4342 668 4399 in
680 4343 873 4418 Pauly-Wiss.
889 4343 999 4415 Brunn,
1013 4342 1126 4400 Gesch.
1137 4345 1165 4405 d.
1176 4343 1287 4418 grieclr
1297 4342 1441 4401 Kdnntler
1451 4342 1489 4408 ΙΙ,

319 4453 347 4509 p.
366 4432 425 4493 221
454 4432 543 4490 falso:
572 4431 846 4507 „perspelctivische
869 4432 1097 4507 Bahandlung“‚
1182 4433 1185 4437 ’

427 4539 451 4616 2)
475 4540 546 4598 arn.
563 4539 599 4597 N.
615 4539 653 4597 er.
669 4538 789 4608 xxxv,
815 4538 887 4602 111.
