<?xml version="1.0" encoding="UTF-8"?>
<!DOCTYPE html PUBLIC "-//W3C//DTD XHTML 1.0 Transitional//EN"
    "http://www.w3.org/TR/xhtml1/DTD/xhtml1-transitional.dtd">
<html xmlns="http://www.w3.org/1999/xhtml" xml:lang="en" lang="en">
 <head>
  <title>
</title>
<meta http-equiv="Content-Type" content="text/html;charset=utf-8" />
  <meta name='ocr-system' content='tesseract 3.04.00' />
  <meta name='ocr-capabilities' content='ocr_page ocr_carea ocr_par ocr_line ocrx_word'/>
</head>
<body>
  <div class='ocr_page' id='page_1' title='image "./quarationepicto00rodegoog_0036.png"; bbox 0 0 3800 5292; ppageno 0'>
   <div class='ocr_carea' id='block_1_1' title="bbox 843 563 1061 626">
    <p class='ocr_par' dir='ltr' id='par_1_1' title="bbox 843 563 1061 626">
     <span class='ocr_line' id='line_1_1' title="bbox 843 563 1061 626; baseline 0 -18"><span class='ocrx_word' id='word_1_1' title='bbox 843 563 1061 626; x_wconf 63' lang='lat'><strong>..31-</strong></span> 
     </span>
    </p>
   </div>
   <div class='ocr_carea' id='block_1_2' title="bbox 372 770 1543 1182">
    <p class='ocr_par' dir='ltr' id='par_1_2' title="bbox 372 770 1543 1182">
     <span class='ocr_line' id='line_1_2' title="bbox 463 770 1540 860; baseline -0.002 -22"><span class='ocrx_word' id='word_1_2' title='bbox 463 773 579 856; x_wconf 68' lang='lat' dir='ltr'>&#39;Quae</span> <span class='ocrx_word' id='word_1_3' title='bbox 603 795 725 840; x_wconf 79' lang='lat' dir='ltr'>ornnes</span> <span class='ocrx_word' id='word_1_4' title='bbox 757 770 913 840; x_wconf 92' lang='lat' dir='ltr'>eiusdem</span> <span class='ocrx_word' id='word_1_5' title='bbox 947 772 1073 841; x_wconf 91' lang='lat' dir='ltr'>aetatis</span> <span class='ocrx_word' id='word_1_6' title='bbox 1098 771 1264 860; x_wconf 88' lang='lat' dir='ltr'>picturae,</span> <span class='ocrx_word' id='word_1_7' title='bbox 1297 793 1377 838; x_wconf 92' lang='lat' dir='ltr'>cum</span> <span class='ocrx_word' id='word_1_8' title='bbox 1401 771 1540 837; x_wconf 89' lang='lat' dir='ltr'>easdem</span> 
     </span>
     <span class='ocr_line' id='line_1_3' title="bbox 372 876 1542 966; baseline -0.002 -22"><span class='ocrx_word' id='word_1_9' title='bbox 372 877 535 965; x_wconf 81' lang='lat' dir='ltr'><strong>figuras</strong></span> <span class='ocrx_word' id='word_1_10' title='bbox 560 884 766 948; x_wconf 88' lang='lat' dir='ltr'>Romanas</span> <span class='ocrx_word' id='word_1_11' title='bbox 790 881 989 963; x_wconf 85' lang='lat' dir='ltr'>ostendant,</span> <span class='ocrx_word' id='word_1_12' title='bbox 1023 881 1090 946; x_wconf 92' lang='lat' dir='ltr'>hoc</span> <span class='ocrx_word' id='word_1_13' title='bbox 1117 901 1232 966; x_wconf 90' lang='lat' dir='ltr'>genus</span> <span class='ocrx_word' id='word_1_14' title='bbox 1255 890 1318 945; x_wconf 92' lang='lat' dir='ltr'>aut</span> <span class='ocrx_word' id='word_1_15' title='bbox 1340 876 1542 945; x_wconf 81' lang='lat' dir='ltr'>auctoritati</span> 
     </span>
     <span class='ocr_line' id='line_1_4' title="bbox 373 982 1543 1075; baseline -0.002 -25"><span class='ocrx_word' id='word_1_16' title='bbox 373 985 577 1053; x_wconf 87' lang='lat' dir='ltr'>excellentis</span> <span class='ocrx_word' id='word_1_17' title='bbox 608 985 752 1075; x_wconf 90' lang='lat' dir='ltr'>pictoris</span> <span class='ocrx_word' id='word_1_18' title='bbox 785 997 848 1054; x_wconf 89' lang='lat' dir='ltr'>aut</span> <span class='ocrx_word' id='word_1_19' title='bbox 878 985 967 1053; x_wconf 89' lang='lat' dir='ltr'>mori</span> <span class='ocrx_word' id='word_1_20' title='bbox 991 985 1188 1072; x_wconf 89' lang='lat' dir='ltr'>antiquitus</span> <span class='ocrx_word' id='word_1_21' title='bbox 1223 995 1366 1071; x_wconf 89' lang='lat' dir='ltr'>accepto</span> <span class='ocrx_word' id='word_1_22' title='bbox 1390 982 1543 1050; x_wconf 91' lang='lat' dir='ltr'>tribuen-</span> 
     </span>
     <span class='ocr_line' id='line_1_5' title="bbox 373 1090 1541 1182; baseline 0 -26"><span class='ocrx_word' id='word_1_23' title='bbox 373 1093 459 1157; x_wconf 88' lang='lat' dir='ltr'>dum</span> <span class='ocrx_word' id='word_1_24' title='bbox 482 1102 545 1158; x_wconf 90' lang='lat' dir='ltr'>est.</span> <span class='ocrx_word' id='word_1_25' title='bbox 592 1097 718 1182; x_wconf 89' lang='lat' dir='ltr'>Itaque</span> <span class='ocrx_word' id='word_1_26' title='bbox 741 1093 868 1178; x_wconf 89' lang='lat' dir='ltr'>nescio,</span> <span class='ocrx_word' id='word_1_27' title='bbox 893 1116 938 1160; x_wconf 91' lang='lat' dir='ltr'>an</span> <span class='ocrx_word' id='word_1_28' title='bbox 955 1093 1130 1162; x_wconf 84' lang='lat' dir='ltr'>Studius</span> <span class='ocrx_word' id='word_1_29' title='bbox 1151 1103 1272 1159; x_wconf 87' lang='lat' dir='ltr'>auctor</span> <span class='ocrx_word' id='word_1_30' title='bbox 1287 1092 1472 1159; x_wconf 89' lang='lat' dir='ltr'>habendus</span> <span class='ocrx_word' id='word_1_31' title='bbox 1488 1090 1541 1158; x_wconf 90' lang='lat' dir='ltr'>sit.</span> 
     </span>
    </p>
   </div>
   <div class='ocr_carea' id='block_1_3' title="bbox 374 1215 1548 2584">
    <p class='ocr_par' dir='ltr' id='par_1_3' title="bbox 374 1215 1548 2584">
     <span class='ocr_line' id='line_1_6' title="bbox 479 1215 1544 1307; baseline -0.003 -23"><span class='ocrx_word' id='word_1_32' title='bbox 479 1216 616 1286; x_wconf 85' lang='lat' dir='ltr'>Tamen</span> <span class='ocrx_word' id='word_1_33' title='bbox 656 1242 700 1286; x_wconf 90' lang='lat' dir='ltr'>ex</span> <span class='ocrx_word' id='word_1_34' title='bbox 735 1217 1020 1286; x_wconf 87' lang='lat' dir='ltr'>antecedentium</span> <span class='ocrx_word' id='word_1_35' title='bbox 1059 1229 1258 1307; x_wconf 87' lang='lat' dir='ltr'>temporum</span> <span class='ocrx_word' id='word_1_36' title='bbox 1291 1215 1437 1304; x_wconf 88' lang='lat' dir='ltr'>picturis</span> <span class='ocrx_word' id='word_1_37' title='bbox 1472 1238 1544 1282; x_wconf 90' lang='lat' dir='ltr'>una</span> 
     </span>
     <span class='ocr_line' id='line_1_7' title="bbox 374 1322 1544 1410; baseline -0.002 -20"><span class='ocrx_word' id='word_1_38' title='bbox 374 1335 513 1392; x_wconf 89' lang='lat' dir='ltr'>servata</span> <span class='ocrx_word' id='word_1_39' title='bbox 548 1335 601 1392; x_wconf 87' lang='lat' dir='ltr'>est</span> <span class='ocrx_word' id='word_1_40' title='bbox 635 1326 738 1393; x_wconf 89' lang='lat' dir='ltr'>tertio</span> <span class='ocrx_word' id='word_1_41' title='bbox 771 1328 827 1394; x_wconf 91' lang='lat' dir='ltr'>vel</span> <span class='ocrx_word' id='word_1_42' title='bbox 863 1327 1017 1393; x_wconf 90' lang='lat' dir='ltr'>secundo</span> <span class='ocrx_word' id='word_1_43' title='bbox 1052 1326 1191 1392; x_wconf 89' lang='lat' dir='ltr'>saeculo</span> <span class='ocrx_word' id='word_1_44' title='bbox 1226 1322 1420 1407; x_wconf 85' lang='lat' dir='ltr'>tribuenda,</span> <span class='ocrx_word' id='word_1_45' title='bbox 1454 1345 1544 1410; x_wconf 92' lang='lat' dir='ltr'>quae</span> 
     </span>
     <span class='ocr_line' id='line_1_8' title="bbox 374 1428 1544 1520; baseline -0.002 -24"><span class='ocrx_word' id='word_1_46' title='bbox 374 1428 488 1497; x_wconf 91' lang='lat' dir='ltr'>simile</span> <span class='ocrx_word' id='word_1_47' title='bbox 526 1431 610 1518; x_wconf 91' lang='lat' dir='ltr'>quid</span> <span class='ocrx_word' id='word_1_48' title='bbox 649 1431 827 1516; x_wconf 86' lang='lat' dir='ltr'>exhibeat,</span> <span class='ocrx_word' id='word_1_49' title='bbox 865 1431 1035 1520; x_wconf 88' lang='lat' dir='ltr'>parietem</span> <span class='ocrx_word' id='word_1_50' title='bbox 1078 1429 1156 1498; x_wconf 91' lang='lat' dir='ltr'>dico</span> <span class='ocrx_word' id='word_1_51' title='bbox 1194 1431 1231 1496; x_wconf 94' lang='lat' dir='ltr'>in</span> <span class='ocrx_word' id='word_1_52' title='bbox 1270 1429 1457 1517; x_wconf 85' lang='lat' dir='ltr'>Esquilino</span> <span class='ocrx_word' id='word_1_53' title='bbox 1494 1451 1544 1495; x_wconf 89' lang='lat' dir='ltr'>re-</span> 
     </span>
     <span class='ocr_line' id='line_1_9' title="bbox 374 1537 1543 1628; baseline -0.003 -24"><span class='ocrx_word' id='word_1_54' title='bbox 374 1538 554 1628; x_wconf 84' lang='lat' dir='ltr'>pertum.¹)</span> <span class='ocrx_word' id='word_1_55' title='bbox 602 1541 827 1628; x_wconf 82' lang='lat' dir='ltr'>Quamquam</span> <span class='ocrx_word' id='word_1_56' title='bbox 865 1539 959 1606; x_wconf 90' lang='lat' dir='ltr'>enim</span> <span class='ocrx_word' id='word_1_57' title='bbox 998 1541 1097 1606; x_wconf 89' lang='lat' dir='ltr'>locus</span> <span class='ocrx_word' id='word_1_58' title='bbox 1135 1540 1330 1605; x_wconf 87' lang='lat' dir='ltr'>secundum</span> <span class='ocrx_word' id='word_1_59' title='bbox 1361 1537 1543 1605; x_wconf 78' lang='lat' dir='ltr'>&#39;Graecum</span> 
     </span>
     <span class='ocr_line' id='line_1_10' title="bbox 374 1643 1545 1732; baseline -0.001 -23"><span class='ocrx_word' id='word_1_60' title='bbox 374 1666 508 1711; x_wconf 88' lang='lat' dir='ltr'>morem</span> <span class='ocrx_word' id='word_1_61' title='bbox 525 1655 649 1732; x_wconf 87' lang='lat' dir='ltr'>ectypo</span> <span class='ocrx_word' id='word_1_62' title='bbox 666 1645 865 1712; x_wconf 90' lang='lat' dir='ltr'>simillimus</span> <span class='ocrx_word' id='word_1_63' title='bbox 889 1643 943 1714; x_wconf 85' lang='lat' dir='ltr'>est</span> <span class='ocrx_word' id='word_1_64' title='bbox 966 1658 1002 1713; x_wconf 89' lang='lat' dir='ltr'>et</span> <span class='ocrx_word' id='word_1_65' title='bbox 1024 1647 1163 1732; x_wconf 81' lang='lat' dir='ltr'>figurae</span> <span class='ocrx_word' id='word_1_66' title='bbox 1190 1667 1262 1712; x_wconf 90' lang='lat' dir='ltr'>non</span> <span class='ocrx_word' id='word_1_67' title='bbox 1287 1645 1434 1712; x_wconf 89' lang='lat' dir='ltr'>adversa</span> <span class='ocrx_word' id='word_1_68' title='bbox 1457 1643 1545 1710; x_wconf 86' lang='lat' dir='ltr'>facie</span> 
     </span>
     <span class='ocr_line' id='line_1_11' title="bbox 374 1750 1545 1837; baseline -0.001 -21"><span class='ocrx_word' id='word_1_69' title='bbox 374 1750 491 1837; x_wconf 86' lang='lat' dir='ltr'>pictae</span> <span class='ocrx_word' id='word_1_70' title='bbox 507 1761 599 1836; x_wconf 90' lang='lat' dir='ltr'>sunt,</span> <span class='ocrx_word' id='word_1_71' title='bbox 613 1762 731 1819; x_wconf 89' lang='lat' dir='ltr'>tamen</span> <span class='ocrx_word' id='word_1_72' title='bbox 749 1751 866 1820; x_wconf 91' lang='lat' dir='ltr'>standi</span> <span class='ocrx_word' id='word_1_73' title='bbox 878 1751 968 1820; x_wconf 87' lang='lat' dir='ltr'>ratio</span> <span class='ocrx_word' id='word_1_74' title='bbox 979 1751 1185 1819; x_wconf 89' lang='lat' dir='ltr'>memoriam</span> <span class='ocrx_word' id='word_1_75' title='bbox 1197 1751 1338 1818; x_wconf 89' lang='lat' dir='ltr'>illarum</span> <span class='ocrx_word' id='word_1_76' title='bbox 1349 1751 1545 1837; x_wconf 85' lang='lat' dir='ltr'>figurarum</span> 
     </span>
     <span class='ocr_line' id='line_1_12' title="bbox 375 1852 1546 1947; baseline -0.001 -24"><span class='ocrx_word' id='word_1_77' title='bbox 375 1868 526 1925; x_wconf 90' lang='lat' dir='ltr'>revocat.</span> <span class='ocrx_word' id='word_1_78' title='bbox 573 1852 688 1928; x_wconf 87' lang='lat' dir='ltr'>Simili</span> <span class='ocrx_word' id='word_1_79' title='bbox 721 1859 815 1925; x_wconf 92' lang='lat' dir='ltr'>enim</span> <span class='ocrx_word' id='word_1_80' title='bbox 845 1861 950 1926; x_wconf 90' lang='lat' dir='ltr'>modo</span> <span class='ocrx_word' id='word_1_81' title='bbox 984 1882 1080 1947; x_wconf 90' lang='lat' dir='ltr'>genu</span> <span class='ocrx_word' id='word_1_82' title='bbox 1112 1858 1212 1926; x_wconf 89' lang='lat' dir='ltr'>alteri</span> <span class='ocrx_word' id='word_1_83' title='bbox 1236 1859 1452 1941; x_wconf 88' lang='lat' dir='ltr'>admovetur,</span> <span class='ocrx_word' id='word_1_84' title='bbox 1483 1879 1546 1943; x_wconf 91' lang='lat' dir='ltr'>pes</span> 
     </span>
     <span class='ocr_line' id='line_1_13' title="bbox 377 1964 1547 2053; baseline 0 -24"><span class='ocrx_word' id='word_1_85' title='bbox 377 1973 568 2048; x_wconf 89' lang='lat' dir='ltr'>amovetur,</span> <span class='ocrx_word' id='word_1_86' title='bbox 591 1964 806 2033; x_wconf 88' lang='lat' dir='ltr'>lineamenta</span> <span class='ocrx_word' id='word_1_87' title='bbox 827 1966 979 2053; x_wconf 89' lang='lat' dir='ltr'>corporis</span> <span class='ocrx_word' id='word_1_88' title='bbox 999 1990 1020 2033; x_wconf 94' lang='lat' dir='ltr'>a</span> <span class='ocrx_word' id='word_1_89' title='bbox 1035 1965 1178 2033; x_wconf 91' lang='lat' dir='ltr'>brachio</span> <span class='ocrx_word' id='word_1_90' title='bbox 1201 1974 1374 2032; x_wconf 90' lang='lat' dir='ltr'>secantur.</span> <span class='ocrx_word' id='word_1_91' title='bbox 1421 1967 1547 2051; x_wconf 92' lang='lat' dir='ltr'>Itaque</span> 
     </span>
     <span class='ocr_line' id='line_1_14' title="bbox 376 2062 1547 2161; baseline 0.001 -26"><span class='ocrx_word' id='word_1_92' title='bbox 376 2072 509 2136; x_wconf 82' lang='lat' dir='ltr'>lactum</span> <span class='ocrx_word' id='word_1_93' title='bbox 533 2094 609 2138; x_wconf 88' lang='lat' dir='ltr'>esse</span> <span class='ocrx_word' id='word_1_94' title='bbox 631 2082 756 2158; x_wconf 90' lang='lat' dir='ltr'>potest,</span> <span class='ocrx_word' id='word_1_95' title='bbox 780 2083 821 2140; x_wconf 93' lang='lat' dir='ltr'>ut</span> <span class='ocrx_word' id='word_1_96' title='bbox 843 2073 994 2160; x_wconf 89' lang='lat' dir='ltr'>pictores</span> <span class='ocrx_word' id='word_1_97' title='bbox 1013 2062 1168 2161; x_wconf 86' lang='lat' dir='ltr'>Augusti</span> <span class='ocrx_word' id='word_1_98' title='bbox 1192 2071 1318 2138; x_wconf 88' lang='lat' dir='ltr'>aetatis</span> <span class='ocrx_word' id='word_1_99' title='bbox 1342 2072 1409 2137; x_wconf 95' lang='lat' dir='ltr'>hoc</span> <span class='ocrx_word' id='word_1_100' title='bbox 1433 2092 1547 2157; x_wconf 87' lang='lat' dir='ltr'>genus</span> 
     </span>
     <span class='ocr_line' id='line_1_15' title="bbox 377 2175 1548 2268; baseline 0 -26"><span class='ocrx_word' id='word_1_101' title='bbox 377 2175 447 2243; x_wconf 90' lang='lat' dir='ltr'>iam</span> <span class='ocrx_word' id='word_1_102' title='bbox 476 2201 496 2243; x_wconf 88' lang='lat' dir='ltr'>a</span> <span class='ocrx_word' id='word_1_103' title='bbox 523 2176 714 2246; x_wconf 89' lang='lat' dir='ltr'>maioribus</span> <span class='ocrx_word' id='word_1_104' title='bbox 741 2179 947 2268; x_wconf 88' lang='lat' dir='ltr'>acceperint,</span> <span class='ocrx_word' id='word_1_105' title='bbox 981 2178 1187 2266; x_wconf 90' lang='lat' dir='ltr'>praesertim</span> <span class='ocrx_word' id='word_1_106' title='bbox 1210 2200 1289 2244; x_wconf 91' lang='lat' dir='ltr'>cum</span> <span class='ocrx_word' id='word_1_107' title='bbox 1314 2177 1421 2244; x_wconf 90' lang='lat' dir='ltr'>etiam</span> <span class='ocrx_word' id='word_1_108' title='bbox 1455 2188 1548 2264; x_wconf 91' lang='lat' dir='ltr'>post·</span> 
     </span>
     <span class='ocr_line' id='line_1_16' title="bbox 378 2283 1548 2373; baseline -0.001 -23"><span class='ocrx_word' id='word_1_109' title='bbox 378 2305 483 2371; x_wconf 90' lang='lat' dir='ltr'>quam</span> <span class='ocrx_word' id='word_1_110' title='bbox 512 2284 669 2352; x_wconf 86' lang='lat' dir='ltr'>Graecae</span> <span class='ocrx_word' id='word_1_111' title='bbox 700 2285 838 2372; x_wconf 78' lang='lat' dir='ltr'>figurae</span> <span class='ocrx_word' id='word_1_112' title='bbox 862 2286 899 2352; x_wconf 93' lang='lat' dir='ltr'>in</span> <span class='ocrx_word' id='word_1_113' title='bbox 931 2285 1106 2373; x_wconf 90' lang='lat' dir='ltr'>picturam</span> <span class='ocrx_word' id='word_1_114' title='bbox 1133 2283 1357 2373; x_wconf 88' lang='lat' dir='ltr'>parietariam</span> <span class='ocrx_word' id='word_1_115' title='bbox 1388 2294 1548 2370; x_wconf 87' lang='lat' dir='ltr'>receptae</span> 
     </span>
     <span class='ocr_line' id='line_1_17' title="bbox 378 2389 1547 2480; baseline -0.001 -24"><span class='ocrx_word' id='word_1_116' title='bbox 378 2401 463 2457; x_wconf 92' lang='lat' dir='ltr'>sunt</span> <span class='ocrx_word' id='word_1_117' title='bbox 496 2413 567 2458; x_wconf 91' lang='lat' dir='ltr'>non</span> <span class='ocrx_word' id='word_1_118' title='bbox 596 2391 811 2460; x_wconf 87' lang='lat' dir='ltr'>exstinctum</span> <span class='ocrx_word' id='word_1_119' title='bbox 838 2393 897 2478; x_wconf 89' lang='lat' dir='ltr'>sit,</span> <span class='ocrx_word' id='word_1_120' title='bbox 928 2395 990 2460; x_wconf 90' lang='lat' dir='ltr'>sed</span> <span class='ocrx_word' id='word_1_121' title='bbox 1018 2416 1131 2480; x_wconf 86' lang='lat' dir='ltr'>usque</span> <span class='ocrx_word' id='word_1_122' title='bbox 1158 2394 1202 2459; x_wconf 91' lang='lat' dir='ltr'>ad</span> <span class='ocrx_word' id='word_1_123' title='bbox 1231 2403 1396 2479; x_wconf 92' lang='lat' dir='ltr'>quartum</span> <span class='ocrx_word' id='word_1_124' title='bbox 1427 2389 1547 2457; x_wconf 90' lang='lat' dir='ltr'>stilum</span> 
     </span>
     <span class='ocr_line' id='line_1_18' title="bbox 377 2497 625 2584; baseline 0.008 -20"><span class='ocrx_word' id='word_1_125' title='bbox 377 2497 625 2584; x_wconf 88' lang='lat' dir='ltr'>perduraverit.</span> 
     </span>
    </p>
   </div>
   <div class='ocr_carea' id='block_1_4' title="bbox 379 2622 1553 3994">
    <p class='ocr_par' dir='ltr' id='par_1_4' title="bbox 379 2622 1553 3994">
     <span class='ocr_line' id='line_1_19' title="bbox 486 2622 1549 2714; baseline -0.007 -20"><span class='ocrx_word' id='word_1_126' title='bbox 486 2623 640 2694; x_wconf 86' lang='lat' dir='ltr'>Easdem</span> <span class='ocrx_word' id='word_1_127' title='bbox 663 2623 758 2691; x_wconf 89' lang='lat' dir='ltr'>enim</span> <span class='ocrx_word' id='word_1_128' title='bbox 781 2625 916 2712; x_wconf 82' lang='lat' dir='ltr'>figuras</span> <span class='ocrx_word' id='word_1_129' title='bbox 940 2626 1137 2714; x_wconf 89' lang='lat' dir='ltr'>omniaque,</span> <span class='ocrx_word' id='word_1_130' title='bbox 1169 2648 1259 2713; x_wconf 93' lang='lat' dir='ltr'>quae</span> <span class='ocrx_word' id='word_1_131' title='bbox 1282 2623 1324 2690; x_wconf 89' lang='lat' dir='ltr'>iis</span> <span class='ocrx_word' id='word_1_132' title='bbox 1347 2622 1496 2710; x_wconf 91' lang='lat' dir='ltr'>propria,</span> <span class='ocrx_word' id='word_1_133' title='bbox 1528 2645 1549 2687; x_wconf 92' lang='lat' dir='ltr'>a</span> 
     </span>
     <span class='ocr_line' id='line_1_20' title="bbox 380 2727 1550 2818; baseline -0.002 -22"><span class='ocrx_word' id='word_1_134' title='bbox 380 2727 525 2796; x_wconf 87' lang='lat' dir='ltr'>Graecis</span> <span class='ocrx_word' id='word_1_135' title='bbox 541 2753 624 2797; x_wconf 90' lang='lat' dir='ltr'>vero</span> <span class='ocrx_word' id='word_1_136' title='bbox 639 2730 765 2817; x_wconf 86' lang='lat' dir='ltr'>liguris</span> <span class='ocrx_word' id='word_1_137' title='bbox 779 2731 894 2799; x_wconf 88' lang='lat' dir='ltr'>aliena</span> <span class='ocrx_word' id='word_1_138' title='bbox 906 2744 998 2817; x_wconf 85' lang='lat' dir='ltr'>sunt,</span> <span class='ocrx_word' id='word_1_139' title='bbox 1011 2733 1048 2800; x_wconf 92' lang='lat' dir='ltr'>in</span> <span class='ocrx_word' id='word_1_140' title='bbox 1061 2732 1225 2799; x_wconf 91' lang='lat' dir='ltr'>omnibus</span> <span class='ocrx_word' id='word_1_141' title='bbox 1237 2731 1280 2798; x_wconf 92' lang='lat' dir='ltr'>iis</span> <span class='ocrx_word' id='word_1_142' title='bbox 1292 2729 1438 2818; x_wconf 84' lang='lat' dir='ltr'>picturis</span> <span class='ocrx_word' id='word_1_143' title='bbox 1451 2733 1550 2795; x_wconf 91' lang='lat' dir='ltr'>Pom-</span> 
     </span>
     <span class='ocr_line' id='line_1_21' title="bbox 379 2835 1550 2932; baseline 0 -31"><span class='ocrx_word' id='word_1_144' title='bbox 379 2835 454 2921; x_wconf 89' lang='lat' dir='ltr'>peis</span> <span class='ocrx_word' id='word_1_145' title='bbox 487 2847 523 2903; x_wconf 90' lang='lat' dir='ltr'>et</span> <span class='ocrx_word' id='word_1_146' title='bbox 547 2838 760 2932; x_wconf 89' lang='lat' dir='ltr'>Herculanei</span> <span class='ocrx_word' id='word_1_147' title='bbox 787 2839 933 2926; x_wconf 91' lang='lat' dir='ltr'>repertis</span> <span class='ocrx_word' id='word_1_148' title='bbox 957 2839 1168 2923; x_wconf 73' lang='lat' dir='ltr'>invenimus</span> <span class='ocrx_word' id='word_1_149' title='bbox 1203 2861 1293 2926; x_wconf 88' lang='lat' dir='ltr'>quae</span> <span class='ocrx_word' id='word_1_150' title='bbox 1316 2860 1388 2903; x_wconf 90' lang='lat' dir='ltr'>non</span> <span class='ocrx_word' id='word_1_151' title='bbox 1412 2837 1550 2902; x_wconf 84' lang='lat' dir='ltr'>fabulas</span> 
     </span>
     <span class='ocr_line' id='line_1_22' title="bbox 381 2941 1550 3034; baseline 0.001 -26"><span class='ocrx_word' id='word_1_152' title='bbox 381 2941 543 3027; x_wconf 72' lang='lat' dir='ltr'>Graecas</span> <span class='ocrx_word' id='word_1_153' title='bbox 552 2945 869 3031; x_wconf 89' lang='lat' dir='ltr'>sedRomanorum,</span> <span class='ocrx_word' id='word_1_154' title='bbox 879 2947 939 3034; x_wconf 91' lang='lat' dir='ltr'>qui</span> <span class='ocrx_word' id='word_1_155' title='bbox 948 2945 1330 3030; x_wconf 64' lang='lat' dir='ltr'>tumvivebantvitam</span> <span class='ocrx_word' id='word_1_156' title='bbox 1338 2943 1550 3026; x_wconf 89' lang='lat' dir='ltr'>describunt,</span> 
     </span>
     <span class='ocr_line' id='line_1_23' title="bbox 381 3048 1550 3142; baseline 0 -26"><span class='ocrx_word' id='word_1_157' title='bbox 381 3048 507 3136; x_wconf 90' lang='lat' dir='ltr'>quibus</span> <span class='ocrx_word' id='word_1_158' title='bbox 532 3051 666 3138; x_wconf 90' lang='lat' dir='ltr'>Helbig</span> <span class='ocrx_word' id='word_1_159' title='bbox 697 3074 826 3120; x_wconf 90' lang='lat' dir='ltr'>nomen</span> <span class='ocrx_word' id='word_1_160' title='bbox 849 3055 1274 3142; x_wconf 58' lang='lat' dir='ltr'>Rdmriclrcampanrichar</span> <span class='ocrx_word' id='word_1_161' title='bbox 1302 3054 1414 3117; x_wconf 74' lang='lat' dir='ltr'>Gema</span> <span class='ocrx_word' id='word_1_162' title='bbox 1443 3050 1550 3117; x_wconf 89' lang='lat' dir='ltr'>dedit.</span> 
     </span>
     <span class='ocr_line' id='line_1_24' title="bbox 381 3155 1552 3247; baseline 0 -25"><span class='ocrx_word' id='word_1_163' title='bbox 381 3155 627 3245; x_wconf 88' lang='lat' dir='ltr'>Discrepantia</span> <span class='ocrx_word' id='word_1_164' title='bbox 643 3157 746 3244; x_wconf 91' lang='lat' dir='ltr'>enim,</span> <span class='ocrx_word' id='word_1_165' title='bbox 770 3182 860 3246; x_wconf 91' lang='lat' dir='ltr'>quae</span> <span class='ocrx_word' id='word_1_166' title='bbox 883 3171 937 3228; x_wconf 92' lang='lat' dir='ltr'>est</span> <span class='ocrx_word' id='word_1_167' title='bbox 952 3159 1045 3228; x_wconf 90' lang='lat' dir='ltr'>inter</span> <span class='ocrx_word' id='word_1_168' title='bbox 1067 3162 1131 3227; x_wconf 92' lang='lat' dir='ltr'>has</span> <span class='ocrx_word' id='word_1_169' title='bbox 1147 3160 1302 3247; x_wconf 91' lang='lat' dir='ltr'>picturas</span> <span class='ocrx_word' id='word_1_170' title='bbox 1318 3169 1354 3225; x_wconf 89' lang='lat' dir='ltr'>et</span> <span class='ocrx_word' id='word_1_171' title='bbox 1369 3181 1437 3241; x_wconf 88' lang='lat' dir='ltr'>eas,</span> <span class='ocrx_word' id='word_1_172' title='bbox 1461 3179 1552 3244; x_wconf 91' lang='lat' dir='ltr'>quae</span> 
     </span>
     <span class='ocr_line' id='line_1_25' title="bbox 381 3262 1552 3352; baseline -0.001 -22"><span class='ocrx_word' id='word_1_173' title='bbox 381 3263 520 3331; x_wconf 87' lang='lat' dir='ltr'>tabulas</span> <span class='ocrx_word' id='word_1_174' title='bbox 537 3263 690 3332; x_wconf 87' lang='lat' dir='ltr'>Graecas</span> <span class='ocrx_word' id='word_1_175' title='bbox 713 3264 905 3350; x_wconf 89' lang='lat' dir='ltr'>imitantur,</span> <span class='ocrx_word' id='word_1_176' title='bbox 928 3289 1001 3335; x_wconf 91' lang='lat' dir='ltr'>non</span> <span class='ocrx_word' id='word_1_177' title='bbox 1017 3268 1133 3334; x_wconf 91' lang='lat' dir='ltr'>solum</span> <span class='ocrx_word' id='word_1_178' title='bbox 1155 3265 1192 3332; x_wconf 92' lang='lat' dir='ltr'>in</span> <span class='ocrx_word' id='word_1_179' title='bbox 1209 3275 1420 3352; x_wconf 90' lang='lat' dir='ltr'>argumento</span> <span class='ocrx_word' id='word_1_180' title='bbox 1436 3262 1552 3352; x_wconf 91' lang='lat' dir='ltr'>posita</span> 
     </span>
     <span class='ocr_line' id='line_1_26' title="bbox 381 3369 1553 3460; baseline -0.001 -23"><span class='ocrx_word' id='word_1_181' title='bbox 381 3381 435 3437; x_wconf 91' lang='lat' dir='ltr'>est</span> <span class='ocrx_word' id='word_1_182' title='bbox 468 3393 584 3458; x_wconf 90' lang='lat' dir='ltr'>neque</span> <span class='ocrx_word' id='word_1_183' title='bbox 621 3371 658 3438; x_wconf 93' lang='lat' dir='ltr'>in</span> <span class='ocrx_word' id='word_1_184' title='bbox 697 3395 751 3457; x_wconf 91' lang='lat' dir='ltr'>e0,</span> <span class='ocrx_word' id='word_1_185' title='bbox 791 3375 883 3460; x_wconf 90' lang='lat' dir='ltr'>quod</span> <span class='ocrx_word' id='word_1_186' title='bbox 920 3372 1057 3441; x_wconf 90' lang='lat' dir='ltr'>minore</span> <span class='ocrx_word' id='word_1_187' title='bbox 1091 3372 1277 3459; x_wconf 87' lang='lat' dir='ltr'>diligentia</span> <span class='ocrx_word' id='word_1_188' title='bbox 1314 3369 1430 3458; x_wconf 91' lang='lat' dir='ltr'>pictae</span> <span class='ocrx_word' id='word_1_189' title='bbox 1468 3381 1553 3437; x_wconf 89' lang='lat' dir='ltr'>suut</span> 
     </span>
     <span class='ocr_line' id='line_1_27' title="bbox 382 3475 1553 3568; baseline -0.003 -24"><span class='ocrx_word' id='word_1_190' title='bbox 382 3477 527 3564; x_wconf 84' lang='lat' dir='ltr'>(multae</span> <span class='ocrx_word' id='word_1_191' title='bbox 550 3478 653 3562; x_wconf 82' lang='lat' dir='ltr'>enim,</span> <span class='ocrx_word' id='word_1_192' title='bbox 684 3501 773 3566; x_wconf 90' lang='lat' dir='ltr'>quae</span> <span class='ocrx_word' id='word_1_193' title='bbox 797 3481 998 3547; x_wconf 91' lang='lat' dir='ltr'>tabularum</span> <span class='ocrx_word' id='word_1_194' title='bbox 1021 3481 1227 3568; x_wconf 90' lang='lat' dir='ltr'>apographa</span> <span class='ocrx_word' id='word_1_195' title='bbox 1250 3489 1342 3563; x_wconf 84' lang='lat' dir='ltr'>sunt,</span> <span class='ocrx_word' id='word_1_196' title='bbox 1366 3479 1478 3544; x_wconf 90' lang='lat' dir='ltr'>multo</span> <span class='ocrx_word' id='word_1_197' title='bbox 1502 3475 1553 3541; x_wconf 90' lang='lat' dir='ltr'>in-</span> 
     </span>
     <span class='ocr_line' id='line_1_28' title="bbox 382 3582 1551 3676; baseline -0.002 -26"><span class='ocrx_word' id='word_1_198' title='bbox 382 3583 553 3651; x_wconf 91' lang='lat' dir='ltr'>curiosius</span> <span class='ocrx_word' id='word_1_199' title='bbox 596 3588 708 3653; x_wconf 84' lang='lat' dir='ltr'>factae</span> <span class='ocrx_word' id='word_1_200' title='bbox 750 3589 861 3676; x_wconf 91' lang='lat' dir='ltr'>sunt),</span> <span class='ocrx_word' id='word_1_201' title='bbox 909 3589 971 3654; x_wconf 89' lang='lat' dir='ltr'>sed</span> <span class='ocrx_word' id='word_1_202' title='bbox 1012 3587 1050 3654; x_wconf 89' lang='lat' dir='ltr'>in</span> <span class='ocrx_word' id='word_1_203' title='bbox 1094 3597 1169 3654; x_wconf 88' lang='lat' dir='ltr'>tota</span> <span class='ocrx_word' id='word_1_204' title='bbox 1211 3585 1297 3653; x_wconf 89' lang='lat' dir='ltr'>artis</span> <span class='ocrx_word' id='word_1_205' title='bbox 1339 3582 1551 3650; x_wconf 88' lang='lat' dir='ltr'>diversitate.</span> 
     </span>
     <span class='ocr_line' id='line_1_29' title="bbox 383 3689 1553 3776; baseline -0.003 -19"><span class='ocrx_word' id='word_1_206' title='bbox 383 3693 543 3776; x_wconf 81' lang='lat' dir='ltr'>Quorum</span> <span class='ocrx_word' id='word_1_207' title='bbox 576 3716 595 3758; x_wconf 86' lang='lat' dir='ltr'>e</span> <span class='ocrx_word' id='word_1_208' title='bbox 629 3715 776 3761; x_wconf 89' lang='lat' dir='ltr'>numero</span> <span class='ocrx_word' id='word_1_209' title='bbox 811 3697 919 3761; x_wconf 79' lang='lat' dir='ltr'>affero</span> <span class='ocrx_word' id='word_1_210' title='bbox 953 3695 1012 3763; x_wconf 88' lang='lat' dir='ltr'>So.</span> <span class='ocrx_word' id='word_1_211' title='bbox 1038 3699 1101 3760; x_wconf 78' lang='lat'>604</span> <span class='ocrx_word' id='word_1_212' title='bbox 1140 3692 1287 3759; x_wconf 86' lang='lat' dir='ltr'>Rixam</span> <span class='ocrx_word' id='word_1_213' title='bbox 1321 3689 1413 3756; x_wconf 89' lang='lat' dir='ltr'>inter</span> <span class='ocrx_word' id='word_1_214' title='bbox 1441 3693 1553 3755; x_wconf 93' lang='lat' dir='ltr'>Pom-</span> 
     </span>
     <span class='ocr_line' id='line_1_30' title="bbox 382 3793 1552 3886; baseline -0.003 -22"><span class='ocrx_word' id='word_1_215' title='bbox 382 3797 554 3886; x_wconf 89' lang='lat' dir='ltr'>peianos</span> <span class='ocrx_word' id='word_1_216' title='bbox 589 3810 624 3866; x_wconf 94' lang='lat' dir='ltr'>et</span> <span class='ocrx_word' id='word_1_217' title='bbox 647 3800 878 3868; x_wconf 90' lang='lat' dir='ltr'>Nucerinos</span> <span class='ocrx_word' id='word_1_218' title='bbox 911 3811 1033 3885; x_wconf 93' lang='lat' dir='ltr'>ortam,</span> <span class='ocrx_word' id='word_1_219' title='bbox 1068 3798 1203 3886; x_wconf 91' lang='lat' dir='ltr'>Helbig</span> <span class='ocrx_word' id='word_1_220' title='bbox 1229 3801 1455 3880; x_wconf 81' lang='lat'>1489-1500,</span> <span class='ocrx_word' id='word_1_221' title='bbox 1487 3793 1552 3861; x_wconf 82' lang='lat' dir='ltr'>lori</span> 
     </span>
     <span class='ocr_line' id='line_1_31' title="bbox 383 3905 1106 3994; baseline 0.006 -22"><span class='ocrx_word' id='word_1_222' title='bbox 383 3905 654 3993; x_wconf 90' lang='lat' dir='ltr'>descriptionem</span> <span class='ocrx_word' id='word_1_223' title='bbox 681 3913 774 3994; x_wconf 84' lang='lat'>1501,</span> <span class='ocrx_word' id='word_1_224' title='bbox 802 3913 1019 3976; x_wconf 85' lang='lat'>1504-1505</span> <span class='ocrx_word' id='word_1_225' title='bbox 1043 3919 1106 3976; x_wconf 79' lang='lat' dir='ltr'>etc</span> 
     </span>
    </p>
   </div>
   <div class='ocr_carea' id='block_1_5' title="bbox 385 4161 1557 4509">
    <p class='ocr_par' dir='ltr' id='par_1_5' title="bbox 385 4161 1557 4509">
     <span class='ocr_line' id='line_1_32' title="bbox 494 4161 1555 4244; baseline -0.005 -22"><span class='ocrx_word' id='word_1_226' title='bbox 494 4161 518 4244; x_wconf 87' lang='lat'>¹)</span> <span class='ocrx_word' id='word_1_227' title='bbox 541 4165 662 4241; x_wconf 85' lang='lat' dir='ltr'>Helbig,</span> <span class='ocrx_word' id='word_1_228' title='bbox 685 4167 799 4224; x_wconf 76' lang='lat' dir='ltr'>Fiihrer</span> <span class='ocrx_word' id='word_1_229' title='bbox 820 4167 842 4236; x_wconf 89' lang='lat'>1,</span> <span class='ocrx_word' id='word_1_230' title='bbox 866 4187 894 4242; x_wconf 89' lang='lat' dir='ltr'>p.</span> <span class='ocrx_word' id='word_1_231' title='bbox 912 4167 987 4236; x_wconf 81' lang='lat'>420,</span> <span class='ocrx_word' id='word_1_232' title='bbox 1004 4167 1056 4226; x_wconf 89' lang='grc'>21.</span> <span class='ocrx_word' id='word_1_233' title='bbox 1096 4167 1171 4224; x_wconf 86' lang='lat' dir='ltr'>Bull.</span> <span class='ocrx_word' id='word_1_234' title='bbox 1187 4166 1267 4223; x_wconf 85' lang='lat' dir='ltr'>della</span> <span class='ocrx_word' id='word_1_235' title='bbox 1290 4182 1399 4222; x_wconf 90' lang='lat' dir='ltr'>comm.</span> <span class='ocrx_word' id='word_1_236' title='bbox 1424 4163 1555 4219; x_wconf 87' lang='lat' dir='ltr'>archeol.</span> 
     </span>
     <span class='ocr_line' id='line_1_33' title="bbox 385 4250 1555 4335; baseline -0.004 -25"><span class='ocrx_word' id='word_1_237' title='bbox 385 4256 576 4312; x_wconf 88' lang='lat' dir='ltr'>communale</span> <span class='ocrx_word' id='word_1_238' title='bbox 598 4255 684 4313; x_wconf 84' lang='lat' dir='ltr'>XVII</span> <span class='ocrx_word' id='word_1_239' title='bbox 706 4256 828 4333; x_wconf 79' lang='lat'>(1889),</span> <span class='ocrx_word' id='word_1_240' title='bbox 852 4256 940 4325; x_wconf 70' lang='grc'><strong>111,</strong></span> <span class='ocrx_word' id='word_1_241' title='bbox 967 4256 1015 4335; x_wconf 83' lang='lat'>12,</span> <span class='ocrx_word' id='word_1_242' title='bbox 1038 4277 1068 4332; x_wconf 88' lang='lat' dir='ltr'>p.</span> <span class='ocrx_word' id='word_1_243' title='bbox 1084 4253 1260 4316; x_wconf 80' lang='lat'>340-350</span> <span class='ocrx_word' id='word_1_244' title='bbox 1284 4252 1329 4330; x_wconf 89' lang='lat' dir='ltr'>(C.</span> <span class='ocrx_word' id='word_1_245' title='bbox 1344 4253 1378 4309; x_wconf 88' lang='lat' dir='ltr'>L.</span> <span class='ocrx_word' id='word_1_246' title='bbox 1399 4250 1555 4325; x_wconf 88' lang='lat' dir='ltr'>Visconti).</span> 
     </span>
     <span class='ocr_line' id='line_1_34' title="bbox 385 4341 1554 4428; baseline -0.004 -27"><span class='ocrx_word' id='word_1_247' title='bbox 385 4343 566 4412; x_wconf 88' lang='lat' dir='ltr'>Gamurrini,</span> <span class='ocrx_word' id='word_1_248' title='bbox 588 4347 676 4408; x_wconf 77' lang='lat' dir='ltr'>Rom.</span> <span class='ocrx_word' id='word_1_249' title='bbox 701 4347 778 4403; x_wconf 90' lang='lat' dir='ltr'>Mitt.</span> <span class='ocrx_word' id='word_1_250' title='bbox 800 4347 829 4402; x_wconf 91' lang='lat' dir='ltr'>II</span> <span class='ocrx_word' id='word_1_251' title='bbox 852 4341 977 4428; x_wconf 85' lang='lat'>(1887),</span> <span class='ocrx_word' id='word_1_252' title='bbox 1000 4367 1029 4421; x_wconf 94' lang='lat' dir='ltr'>p.</span> <span class='ocrx_word' id='word_1_253' title='bbox 1054 4345 1128 4414; x_wconf 83' lang='lat'>233,</span> <span class='ocrx_word' id='word_1_254' title='bbox 1155 4345 1167 4404; x_wconf 96' lang='lat' dir='ltr'>l</span> <span class='ocrx_word' id='word_1_255' title='bbox 1196 4352 1227 4401; x_wconf 87' lang='lat' dir='ltr'>et</span> <span class='ocrx_word' id='word_1_256' title='bbox 1250 4342 1387 4400; x_wconf 85' lang='lat' dir='ltr'>Visconti</span> <span class='ocrx_word' id='word_1_257' title='bbox 1410 4344 1428 4398; x_wconf 92' lang='lat' dir='ltr'>l.</span> <span class='ocrx_word' id='word_1_258' title='bbox 1443 4343 1463 4396; x_wconf 94' lang='lat' dir='ltr'>l.</span> <span class='ocrx_word' id='word_1_259' title='bbox 1486 4359 1554 4397; x_wconf 87' lang='lat' dir='ltr'>eam</span> 
     </span>
     <span class='ocr_line' id='line_1_35' title="bbox 385 4429 1557 4509; baseline -0.003 -19"><span class='ocrx_word' id='word_1_260' title='bbox 385 4434 424 4490; x_wconf 87' lang='lat' dir='ltr'>ad</span> <span class='ocrx_word' id='word_1_261' title='bbox 448 4435 575 4491; x_wconf 90' lang='lat' dir='ltr'>Fabium</span> <span class='ocrx_word' id='word_1_262' title='bbox 598 4436 747 4494; x_wconf 90' lang='lat' dir='ltr'>Pictorem</span> <span class='ocrx_word' id='word_1_263' title='bbox 770 4437 955 4501; x_wconf 85' lang='lat' dir='ltr'>rettulerunt,</span> <span class='ocrx_word' id='word_1_264' title='bbox 979 4435 1030 4509; x_wconf 90' lang='lat' dir='ltr'>qui</span> <span class='ocrx_word' id='word_1_265' title='bbox 1054 4435 1163 4491; x_wconf 84' lang='lat' dir='ltr'>aedem</span> <span class='ocrx_word' id='word_1_266' title='bbox 1179 4432 1288 4489; x_wconf 88' lang='lat' dir='ltr'>Salutis</span> <span class='ocrx_word' id='word_1_267' title='bbox 1311 4431 1414 4506; x_wconf 81' lang='lat' dir='ltr'>pinxit</span> <span class='ocrx_word' id='word_1_268' title='bbox 1444 4429 1557 4486; x_wconf 90' lang='lat' dir='ltr'>Contra</span> 
     </span>
    </p>
   </div>
   <div class='ocr_carea' id='block_1_6' title="bbox 386 4519 1361 4607">
    <p class='ocr_par' dir='ltr' id='par_1_6' title="bbox 386 4519 1361 4607">
     <span class='ocr_line' id='line_1_36' title="bbox 386 4519 1361 4607; baseline 0.004 -28"><span class='ocrx_word' id='word_1_269' title='bbox 386 4523 547 4600; x_wconf 82' lang='lat' dir='ltr'>disputavit</span> <span class='ocrx_word' id='word_1_270' title='bbox 570 4524 638 4584; x_wconf 89' lang='lat' dir='ltr'>Chr.</span> <span class='ocrx_word' id='word_1_271' title='bbox 661 4525 807 4593; x_wconf 84' lang='lat' dir='ltr'>Huelsen‚</span> <span class='ocrx_word' id='word_1_272' title='bbox 829 4525 917 4582; x_wconf 80' lang='lat' dir='ltr'>Rom.</span> <span class='ocrx_word' id='word_1_273' title='bbox 940 4524 1017 4581; x_wconf 88' lang='lat' dir='ltr'>Mitt.</span> <span class='ocrx_word' id='word_1_274' title='bbox 1040 4523 1083 4580; x_wconf 94' lang='lat' dir='ltr'>VI</span> <span class='ocrx_word' id='word_1_275' title='bbox 1118 4521 1264 4607; x_wconf 18' lang='lat' dir='ltr'>1891,1p.</span> <span class='ocrx_word' id='word_1_276' title='bbox 1290 4519 1361 4583; x_wconf 85' lang='lat' dir='ltr'>lll.</span> 
     </span>
    </p>
   </div>
   <div class='ocr_carea' id='block_1_7' title="bbox 0 0 1925 5292">
    <p class='ocr_par' dir='ltr' id='par_1_7' title="bbox 0 0 1925 5292">
     <span class='ocr_line' id='line_1_37' title="bbox 0 0 1925 5292; baseline 0 0"><span class='ocrx_word' id='word_1_277' title='bbox 0 0 1925 5292; x_wconf 95' lang='lat' dir='ltr'> </span> 
     </span>
    </p>
   </div>
  </div>
 </body>
</html>
