3800 5292
903 567 1123 628 ..10-

431 797 500 863 que
514 775 602 843 haec
619 775 726 843 verba
740 773 951 860 invenimus,
968 786 1086 844 tamen
1103 777 1309 865 plerumque
1321 777 1468 844 verbum
1480 787 1605 866 ponere

432 881 585 965 adhibet,
609 880 669 969 qui
686 880 857 950 terminus
878 882 1062 951 technicus
1084 883 1194 951 fuisse
1209 883 1357 951 videtui.
1397 884 1469 954 Ubi
1486 895 1605 952 autem

432 989 574 1056 tabulae
591 990 723 1076 positae
745 987 885 1073 fuerint,
913 1013 957 1056 ex
980 1012 1052 1057 uno
1077 990 1181 1057 Plinii
1204 992 1281 1057 loco
1304 990 1465 1078 intellegi
1487 1001 1606 1078 potest

432 1100 474 1163 N.
504 1100 549 1163 H.
577 1099 726 1180 XXXV,
763 1101 823 1162 108
860 1096 1114 1188 (Nicomachus)
1139 1099 1266 1185 pinxit
1298 1105 1436 1186 raptum
1468 1102 1605 1164 Proser·

427 1205 542 1291 pinae,
579 1226 665 1290 quoe
699 1203 813 1269 tabula
834 1205 919 1290 fuit
945 1206 985 1269 in
1012 1206 1179 1292 Capitolio
1203 1206 1240 1270 in
1263 1207 1444 1271 duacenae
1467 1207 1606 1271 delubro

431 1318 555 1397 supra
597 1311 822 1376 aediculam
864 1313 1112 1377 Iuventutis.
1173 1313 1291 1398 Atque
1333 1303 1457 1378 eodem
1498 1313 1604 1378 modo

433 1415 541 1483 etiarn
564 1417 768 1504 apographa
791 1416 852 1483 illa
875 1418 1045 1484 collocata
1067 1417 1236 1486 videmus.

542 1544 595 1608 De
633 1543 788 1608 secunda
826 1553 946 1608 autem
984 1540 1121 1610 ratione
1158 1544 1229 1609 duo
1267 1553 1352 1610 sunt
1390 1542 1605 1627 testimonia:

432 1653 477 1716 N.
503 1651 548 1715 H.
572 1651 720 1732 XXXV,
744 1653 786 1714 26
820 1650 859 1714 in
884 1651 1096 1716 thermarum
1124 1673 1255 1736 quoque
1277 1648 1486 1716 calidissima
1504 1657 1607 1738 parte

433 1757 654 1822 marmoribus
692 1757 881 1822 incluserat
911 1765 1037 1843 paruas
1076 1758 1215 1823 tabellas
1246 1759 1358 1844 paulo
1394 1764 1489 1833 ante,
1530 1781 1605 1824 cum

433 1865 663 1950 reficerentur,
687 1863 845 1929 sublatas.

541 1992 582 2054 27
608 1989 696 2054 idem
718 1988 933 2075 (Augustus)
958 1989 998 2053 in
1022 1989 1119 2054 curia
1143 2012 1274 2076 quoque
1297 2012 1397 2076 quam
1421 1991 1458 2055 in
1475 1991 1606 2055 comitc'o

434 2095 646 2162 consecrabat
668 2096 753 2160 duas
775 2095 909 2160 tabulas
932 2096 1098 2182 inpressit
1112 2097 1255 2182 parieti.

540 2221 629 2286 Inde
652 2230 806 2307 apparet,
829 2241 960 2286 nomen
982 2217 1165 2306 proprium
1185 2219 1269 2286 huic
1291 2219 1419 2287 rationi
1440 2221 1605 2304 defuisse3

434 2350 506 2395 non
550 2325 646 2394 enim
685 2325 789 2392 Plinii
832 2325 982 2393 orationi
1024 2347 1103 2393 eam
1141 2325 1374 2393 variationem
1413 2327 1510 2395 verbi
1549 2326 1607 2394 tri·

434 2436 613 2502 buendam
649 2455 726 2500 esse
760 2444 974 2518 argumento
997 2443 1059 2515 est,
1094 2434 1188 2520 quod
1223 2431 1316 2500 inter
1345 2435 1412 2501 hos
1434 2436 1529 2501 locos
1552 2433 1606 2500 bis

434 2541 581 2626 verbum
599 2541 717 2627 posuit
738 2538 908 2606 adhibuit.

541 2666 612 2734 Sed
646 2686 716 2752 quo
752 2675 908 2751 tempore
943 2663 1083 2731 tabulas
1117 2663 1154 2731 in
1187 2663 1380 2752 pingendis
1413 2665 1606 2754 parietibus

435 2773 607 2840 imitando
639 2769 788 2859 exprimi
822 2781 987 2857 coeptum
1014 2772 1154 2837 1511-
1175 2770 1270 2837 Turn
1299 2773 1442 2838 demum
1469 2772 1506 2838 id
1529 2773 1606 2839 fieri

434 2878 559 2969 potuit,
583 2900 663 2945 curn
687 2876 832 2944 omnino
854 2877 1030 2964 parietum
1054 2876 1288 2964 expolitiones
1305 2877 1443 2967 pictura
1458 2877 1606 2965 exprimi

436 2997 580 3073 coeptae
615 2995 741 3068 essent,
774 2983 794 3050 i.
819 3007 845 3050 e.
870 2983 907 3051 in
942 2983 1024 3050 stilo
1060 2986 1225 3052 secundo.
1272 2989 1366 3051 Nam
1394 3008 1474 3052 curn
1502 2996 1607 3052 antea

436 3093 576 3160 tabulae
599 3090 635 3157 in
660 3089 745 3178 ipsis
770 3088 906 3157 coronis
930 3089 1142 3174 insisterent
1171 3102 1248 3158 tum
1271 3113 1446 3157 unacum
1470 3092 1607 3159 coronis

435 3197 542 3266 etiam
571 3199 712 3265 tabulae
738 3196 975 3284 fingebantur.
986 3198 1011 3284 ¹)
1057 3200 1157 3264 Haec
1180 3199 1316 3280 docent,
1350 3196 1506 3283 picturas
1528 3198 1607 3266 illas

435 3303 652 3372 imitationes
675 3305 761 3370 satis
784 3315 966 3371 accuratas
988 3326 1073 3388 1551,
1097 3325 1311 3391 quamquam
1334 3303 1477 3391 singula
1500 3305 1607 3372 exiis

436 3410 568 3478 discere
592 3433 663 3477 non
687 3409 776 3477 licet

543 3539 597 3602 De
621 3533 830 3602 coloribus
854 3546 973 3602 autem
996 3534 1032 3601 id
1054 3546 1194 3602 tantum
1217 3533 1306 3612 dico,
1330 3557 1452 3601 omnes
1468 3536 1607 3603 tabulas

547 3732 571 3820 ¹)
595 3738 670 3795 lude
699 3744 826 3813 apparet
860 3737 974 3795 sactum
1003 3755 1154 3795 essenon
1178 3755 1278 3813 posse,
1313 3743 1346 3794 ut
1368 3744 1460 3795 autea
1483 3739 1606 3796 tabulae

414 3829 467 3902 Ι111
501 3828 667 3904 parietibus
689 3826 834 3884 imitando
868 3844 1029 3902 expressae
1053 3827 1120 3884 sint.
1165 3827 1272 3902 Itaque
1293 3826 1324 3883 iu
1353 3827 1450 3884 Plauti
1471 3827 1606 3885 versibus

437 3917 643 3995 (Menaechm.
659 3915 682 3984 1,
706 3914 736 3984 2,
759 3914 778 3976 3
804 3915 823 3975 4
848 3914 885 3973 11
900 3915 1062 3984 Letrouue,
1085 3915 1202 3973 Lettres
1218 3909 1290 3973 d'uu
1306 3916 1507 3992 antiquitaire‚
1521 3936 1552 3992 p.
1565 3915 1605 3976 83

437 4006 558 4082 Helbig,
580 4005 861 4082 Untersuchuugeu‚
885 4025 912 4080 p.
941 4003 1030 4081 139):
1067 4005 1218 4077 ,1)111111,
1245 4023 1430 4080 enumquam
1453 4012 1485 4062 tu
1508 4005 1606 4063 vidisti

437 4095 573 4153 tabulam
606 4095 720 4170 pictam
754 4094 783 4151 in
819 4093 934 4169 pariete
971 4098 1048 4151 etc.“
1085 4095 1178 4151 verba
1215 4095 1371 4173 „tabulam
1405 4094 1537 4169 pictam“
1576 4101 1607 4151 et

441 4183 559 4255 „vidisti
594 4216 636 4226 —
671 4184 700 4240 in
735 4184 869 4258 pariete“
908 4184 1019 4240 arctius
1052 4184 1130 4239 iuter
1163 4201 1196 4240 se
1229 4184 1441 4259 coniungenda
1470 4191 1547 4250 suut,
1574 4191 1608 4239 ut

440 4275 564 4344 „tabula
586 4273 687 4348 picta⁸⁴
714 4273 800 4348 quasi
823 4290 914 4329 uuam
937 4273 1094 4330 notionem
1109 4271 1230 4340 efficiat,
1253 4291 1346 4347 quam
1361 4273 1607 4330 coniunctionem

438 4363 559 4439 saepius
582 4361 749 4420 invenimus
771 4356 867 4444 (velut
882 4360 946 4419 Cic.
961 4361 1000 4419 D.
1014 4369 1075 4419 nat
1089 4362 1173 4423 deor.
1196 4361 1234 4430 ΙΙ,
1257 4361 1309 4430 34,
1333 4358 1399 4442 87).
1444 4361 1523 4418 Ν1111
1551 4361 1607 4418 nisi

438 4452 468 4510 in
491 4452 566 4524 locis
590 4451 628 4508 ad
652 4453 747 4511 artem
771 4451 979 4526 spectantibus
1006 4452 1128 4509 tabulae
1151 4452 1334 4510 vocabulum
1357 4468 1478 4525 semper
1492 4449 1607 4524 pictam

438 4537 573 4624 tabplam
596 4541 762 4618 significare
785 4540 990 4599 necessarium
1012 4558 1073 4600 nou
1097 4548 1170 4600 erat.
