3800 5292
858 572 1195 685 -20-¹

388 830 510 898 sertim
534 853 614 899 cum
637 852 751 918 nuper
773 854 795 898 a
818 835 855 900 B.
880 834 941 898 No
948 853 1048 919 gara
1070 829 1343 920 diligentissime
1365 831 1561 922 descriptae

387 937 467 1005 sint
515 943 638 1010 Unum
662 948 802 1006 tantum
818 939 955 1023 addam,
979 939 1074 1028 quod
1089 937 1370 1028 discrepantiam,
1394 950 1561 1027 quaeest

387 1045 481 1113 inter
513 1046 578 1112 has
610 1044 768 1132 picturas
801 1056 837 1112 et
865 1047 1003 1112 tabulas
1027 1047 1190 1130 Graecas,
1224 1045 1380 1113 maxime
1402 1057 1560 1133 apertam

388 1152 516 1236 reddit;
537 1175 622 1219 nam
645 1174 726 1219 cum
749 1151 819 1219 illis
842 1163 905 1220 aut
928 1152 1073 1220 omnino
1096 1151 1188 1220 desit
1210 1153 1393 1220 oculorum
1415 1152 1560 1240 signum

388 1261 445 1328 vel
489 1259 681 1327 horizontis
724 1259 818 1326 linea
860 1261 965 1326 rebus
1008 1261 1141 1346 angulo
1183 1269 1278 1326 recto
1321 1260 1366 1326 ad
1403 1258 1561 1346 picturae

388 1388 506 1438 aream
547 1365 741 1452 translatiS,
779 1377 842 1433 aut
879 1366 955 1433 eius
993 1365 1108 1434 lineae
1146 1365 1297 1433 altitudo
1334 1365 1469 1433 incerta
1506 1367 1561 1451 sit,

388 1476 475 1541 haec
510 1472 607 1562 topia
630 1497 652 1540 a
675 1483 769 1540 certo
804 1473 910 1560 signo
940 1475 1123 1540 oculorum
1152 1471 1425 1561 conspiciuntur,
1460 1472 1560 1540 cuius

387 1579 538 1648 altitudo
572 1579 609 1646 in
646 1578 811 1647 omnibus
845 1579 888 1647 iis
922 1579 1079 1667 picturis,
1113 1579 1175 1646 ubi
1203 1602 1300 1647 mare
1333 1578 1470 1667 pictum
1498 1592 1560 1665 est,

388 1710 451 1776 per
487 1685 680 1754 horizontis
724 1686 855 1754 lineam
893 1685 980 1754 satis
1018 1687 1126 1754 altam
1167 1685 1398 1774 significatur.
1456 1687 1561 1772 Quod

387 1793 504 1880 ipsum
539 1816 679 1881 quoque
709 1795 921 1860 documento
945 1804 1008 1877 est,
1041 1794 1130 1860 haec
1153 1793 1224 1860 duo
1247 1792 1407 1882 picturae
1430 1815 1561 1881 genera

388 1911 463 1968 tota
491 1910 567 1968 arte
595 1900 689 1968 inter
711 1923 748 1967 se
772 1899 911 1967 diversa
934 1922 1011 1967 esse
1033 1921 1148 1987 neque
1170 1899 1267 1968 viam
1289 1923 1405 1988 neque
1427 1922 1560 1968 nexum

388 2005 582 2095 excogitari
616 2029 731 2096 posse,
767 2004 895 2094 quibus
929 2006 1023 2075 inter
1056 2029 1094 2074 se
1129 2007 1407 2096 coniungantur,
1442 2028 1561 2095 quam·

387 2136 494 2203 quam
518 2125 634 2182 aetate
654 2137 726 2181 non
743 2113 793 2182 ita
808 2117 963 2183 multum
978 2113 1137 2183 diversae
1153 2125 1246 2199 sunt,
1271 2136 1352 2181 curn
1373 2116 1560 2202 pleraeque

388 2221 470 2288 illae
504 2223 646 2289 tabulae
680 2221 788 2291 aetati
822 2221 1072 2307 hellenisticae,
1107 2220 1205 2310 topia
1239 2231 1359 2288 autem
1387 2219 1560 2291 Vaticana

389 2351 477 2396 aevo
502 2327 594 2396 Divo
617 2330 784 2416 Augusto
807 2352 879 2396 non
903 2331 1019 2396 multo
1041 2327 1148 2418 priori
1172 2327 1359 2396 tribuenda
1382 2327 1462 2395 sint.

494 2434 609 2522 Topia
625 2446 745 2503 autern
760 2436 935 2505 Vaticana
951 2459 1024 2503 non
1041 2438 1242 2504 tabularum
1257 2435 1433 2524 pictarum
1448 2433 1561 2502 instar

387 2553 480 2627 sunt,
515 2543 576 2610 sed
610 2553 817 2631 prospectus
852 2542 967 2611 vicem
1002 2553 1133 2610 tenent
1179 2541 1321 2612 Similes
1353 2551 1560 2630 prospectus

385 2651 556 2737 praebent
590 2647 742 2737 parietes
770 2649 949 2738 cubiculi1)
978 2650 1093 2735 villae,
1127 2649 1280 2738 quaein
1305 2646 1384 2717 vico
1416 2653 1560 2716 Bosco-

386 2759 497 2825 reale
524 2768 662 2844 reperta
685 2768 746 2842 est,
783 2756 843 2845 qui
868 2769 904 2825 et
926 2756 994 2846 ipsi
1021 2758 1176 2825 secundo
1199 2756 1281 2824 stilo
1304 2755 1559 2824 adnumerandi

386 2874 478 2931 sunt
526 2863 635 2931 Cuius
668 2864 813 2951 parietis
847 2863 1107 2932 ornamentatio
1141 2863 1319 2952 duplicem
1348 2863 1501 2952 pilarum
1524 2874 1560 2931 et

387 2972 630 3037 columnarum
669 2970 795 3038 seriem
826 2971 995 3055 ostendit,
1033 2970 1126 3039 inter
1157 2993 1245 3059 quas
1278 2980 1484 3058 prospectus
1522 2992 1560 3037 se

388 3075 506 3165 aperit
554 3082 650 3150 Loca
673 3088 802 3163 autem,
835 3100 925 3166 quae
947 3089 1030 3167 post
1051 3078 1142 3165 pilas
1165 3100 1241 3144 esse
1264 3076 1439 3161 videntur,
1467 3076 1560 3144 inter

386 3207 423 3251 se
452 3206 524 3251 non
553 3185 751 3270 cohaerent,
787 3187 849 3252 sed
872 3185 1125 3273 unusquisque,
1158 3183 1218 3272 qui
1241 3183 1334 3251 inter
1357 3185 1447 3251 duas
1469 3184 1559 3271 pilas
1658 3256 1663 3264 ,

386 3302 540 3378 apparet,
574 3314 637 3379 per
660 3315 698 3358 se
721 3290 872 3358 existere
894 3290 1045 3375 videtur,
1080 3292 1175 3358 unde
1202 3302 1356 3378 apparet,
1389 3289 1559 3378 pictorem

384 3421 456 3464 non
480 3398 517 3464 id
540 3400 634 3486 quod
656 3401 852 3470 Panorama
875 3399 1095 3487 appellamus
1117 3399 1283 3485 praebere
1305 3399 1469 3482 voluisse,
1497 3399 1559 3465 sed

384 3504 501 3593 magis
539 3503 619 3589 arti,
658 3528 764 3593 quam
801 3505 943 3574 veritati
983 3505 1169 3573 studuisse.
1230 3503 1401 3592 Singulas
1439 3516 1559 3573 autem

384 3611 540 3701 picturas
576 3633 657 3680 cum
686 3611 791 3700 topiis
814 3612 998 3683 Vaticanis
1027 3635 1099 3680 non
1127 3611 1231 3680 facile
1260 3613 1416 3680 conferre
1438 3633 1559 3699 possu-

384 3741 473 3804 mus,
509 3730 545 3787 et
579 3720 673 3807 quod
708 3730 836 3788 natura
870 3722 1028 3788 locorum
1063 3719 1202 3788 diversa
1236 3728 1292 3786 est
1325 3717 1452 3806 (maior
1477 3741 1558 3806 pars

385 3825 477 3893 enim
505 3825 777 3894 architectonica
811 3829 971 3917 praebet)
1006 3838 1043 3894 et
1065 3828 1159 3915 quod
1182 3826 1379 3915 amplitudo
1401 3828 1559 3893 locorum

384 3935 591 4022 plerumque
625 3956 697 4001 non
725 3932 776 4002 ita
801 3957 935 4023 magna
969 3945 1030 4002 est
1076 3933 1213 4001 Tamen
1243 3936 1401 4001 conferas
1428 3954 1558 4020 quaeso

383 4042 527 4110 hortum
566 4042 603 4109 in
645 4053 667 4111 t
703 4045 757 4110 IX
795 4040 973 4110 redditum
1016 4040 1097 4108 'cum
1138 4039 1183 4107 iis
1225 4039 1330 4128 topiis
1368 4037 1558 4124 Vaticanis,

384 4149 445 4215 ubi
477 4172 573 4218 mare
604 4149 740 4238 pictum
775 4172 847 4217 non
883 4160 944 4218 est
991 4147 1189 4236 Utrobique
1224 4147 1318 4215 enim
1351 4149 1450 4216 locus
1484 4169 1557 4214 non

384 4278 495 4343 usque
533 4258 578 4350 ad
620 4256 813 4326 horizontis
854 4255 986 4324 lineam
1025 4254 1266 4340 continuatur,
1311 4256 1372 4322 sed
1411 4253 1558 4342 rupibus

385 4402 597 4414 ———-—-.

495 4496 516 4574 ¹)
533 4497 564 4554 F.
587 4497 750 4566 Barnabei,
777 4496 822 4553 La
845 4497 924 4554 Villa
954 4497 1139 4575 Pompeiana
1168 4498 1198 4556 di
1221 4498 1251 4555 P.
1275 4497 1389 4556 Fannio
1412 4496 1558 4557 Sinistore
1660 4522 1665 4527 ¹

388 4582 481 4656 1901,
504 4593 524 4644 t.
540 4585 590 4656 IX,
613 4585 651 4648 X.
