3800 5292
840 519 1058 582 ..22-

474 730 725 796 ambulationes
758 752 835 796 voro
863 736 1005 818 proptor
1025 731 1151 819 {spatia
1178 734 1409 820 longitudinis
1431 738 1540 804 nario·

369 839 492 904 lali'bns
526 837 691 924 topiorum
725 845 890 904 ornarent
920 839 962 904 ab
989 839 1259 926 certisjlocorum
1276 844 1540 928 proprietatibus

370 945 539 1031 imagines
562 945 800 1030 exprimentes,
829 947 1033 1032 pinguntur
1051 947 1143 1012 onim
1159 953 1283 1034 pomus
1300 953 1540 1035 promuntorio

369 1054 472 1118 litora
507 1052 666 1137 flumina
705 1053 818 1130 fontes
861 1054 978 1139 euripi
1006 1055 1100 1140 fano
1143 1055 1218 1119 luci
1253 1063 1383 1122 montes
1413 1066 1539 1143 pacoro

362 1165 530 1246 pastores,
566 1159 743 1231 nonnullis
781 1161 863 1226 locis
901 1162 983 1226 item
1021 1162 1212 1247 signantur
1244 1165 1539 1252 megalogroplme

368 1267 525 1332 habentos
560 1269 697 1334 deornm
731 1269 918 1335 simulacro
952 1292 1013 1336 seu
1034 1270 1241 1354 fabellarum
1268 1273 1447 1357 dispositos
1481 1295 1538 1338 ox-

361 1376 574 1461 pliculiones,
610 1400 679 1442 non
716 1378 831 1441 minus
866 1377 1023 1442 lroi'onas
1039 1386 1180 1464 pugnus
1213 1401 1273 1443 seu
1303 1379 1424 1446 Ulixis
1446 1401 1539 1446 euru

368 1483 475 1548 tiones
510 1492 577 1569 per
612 1485 717 1570 topia,
756 1489 930 1570 colemque
968 1507 1054 1570 quae
1090 1491 1175 1550 sunt
1215 1508 1330 1550 eorum
1368 1487 1539 1552 similibus

368 1590 559 1655 talionibus
594 1590 635 1654 ob
667 1613 781 1657 rorum
805 1597 934 1658 nolum
951 1597 1138 1679 procreata.
1186 1593 1287 1676 Quae
1310 1614 1441 1679 genera
1464 1616 1536 1661 nou

368 1706 532 1783 tempore,
557 1701 618 1766 sed
640 1722 707 1766 usu
723 1699 815 1766 iuter
831 1722 868 1766 se
884 1699 1023 1766 diversa
1040 1710 1131 1766 sunt
1179 1703 1233 1766 De
1248 1700 1402 1766 secunda
1417 1712 1537 1769 autem

367 1802 482 1889 specie
518 1827 597 1872 cum
632 1805 701 1873 alio
733 1809 810 1874 loco
834 1807 886 1895 (V,
911 1811 939 1891 6,
964 1809 996 1895 9)
1020 1806 1205 1876 Vitruvius
1233 1805 1409 1894 copiosius
1432 1807 1537 1894 scrip-

367 1909 460 1994 serit,
498 1910 556 1977 hic
595 1913 739 1980 tertium
774 1934 896 2000 genus,
936 1912 1111 2000 topiorum
1145 1912 1224 1980 dico
1257 1913 1441 2001 imagines,
1480 1937 1536 1981 ex-

366 2015 482 2102 plicat,
506 2041 586 2086 cum
609 2019 760 2106 singula,
784 2042 874 2108 quae
895 2019 1104 2107 pinguntur,
1127 2032 1316 2088 enumeret

474 2125 661 2194 Manifeste
699 2127 885 2195 Vitruvius
929 2129 1096 2212 declarat,
1140 2127 1317 2214 topiorum
1361 2127 1536 2214 picturam

368 2243 481 2299 ortam
505 2255 581 2300 esse
604 2257 623 2300 e
647 2234 791 2302 secundi
815 2234 887 2302 stili
910 2234 1085 2322 parietum
1108 2234 1421 2320 oruamentatione,
1453 2259 1537 2302 enu-

366 2339 513 2408 meratio
537 2352 656 2408 autem
679 2341 892 2410 varietatum
916 2341 1092 2429 topiorum
1115 2365 1206 2430 quae
1228 2342 1353 2430 incipit
1380 2366 1401 2410 a
1420 2343 1536 2411 verbis

360 2451 561 2536 pinguntur
586 2451 676 2515 onim
704 2448 740 2515 in
770 2451 858 2516 duas
886 2461 1004 2536 partes
1032 2449 1146 2517 divisa
1173 2461 1236 2535 est,
1267 2472 1416 2536 quarum
1442 2450 1537 2538 prior

367 2555 543 2643 topiorum
566 2557 727 2642 exempla
750 2557 903 2645 praebet,
939 2558 1049 2624 altera
1071 2555 1221 2644 copiosis
1244 2556 1361 2624 verbis
1384 2557 1536 2644 speciem

366 2662 528 2750 aliquam,
559 2663 868 2751 megalographias
900 2663 987 2748 dico,
1018 2663 1191 2731 describit.
1237 2664 1294 2735 Ex
1316 2665 1394 2752 ipsa
1416 2676 1536 2733 autem

367 2769 543 2858 topiorum
578 2770 705 2856 indole,
740 2793 830 2858 quae
865 2795 886 2838 a
919 2781 1126 2858 prospectus
1154 2769 1270 2858 specie
1292 2771 1535 2858 proficiscitur,

366 2887 512 2964 apparet
547 2877 920 2966 megalographiarum
958 2878 1133 2965 picturam
1171 2900 1243 2945 non
1281 2877 1318 2945 in
1358 2878 1535 2966 topiorum

367 2983 507 3069 generis
541 2983 731 3073 principiis,
767 2986 828 3051 sed
862 2986 969 3071 paulo
1002 2995 1084 3071 post
1117 2983 1300 3052 inventam
1332 2986 1389 3053 vel
1416 2985 1536 3072 potius

365 3090 542 3180 inceptam
581 3114 667 3158 esse.
725 3095 820 3158 Nam
857 3092 1064 3180 perdurasse
1102 3091 1398 3184 atque'viguisse
1427 3091 1535 3158 etiam

365 3197 520 3267 Vitruvii
545 3210 660 3266 aetate
681 3201 831 3267 alterum
848 3221 987 3286 quoque
1004 3221 1126 3284 geuuS,
1150 3221 1193 3265 ex
1209 3198 1326 3266 verbis
1336 3200 1538 3286 pinguntur
1593 3256 1596 3261 ⁴

365 3318 401 3374 et
424 3309 605 3374 nonnullis
628 3309 709 3374 locis
731 3319 883 3394 apparet
1610 3294 1613 3299 ¹

471 3415 628 3483 Verbum
640 3427 760 3483 autem
771 3416 911 3502 megalo
914 3413 1084 3502 graphiae
1095 3435 1167 3480 non
1180 3412 1367 3497 diversum,
1384 3414 1477 3500 quod
1490 3415 1535 3482 ad

365 3533 476 3589 artem
492 3520 628 3608 attinet,
644 3521 802 3609 picturae
818 3545 932 3610 genus
948 3519 1137 3608 significat,
1153 3520 1215 3587 sed
1228 3521 1272 3586 ad
1284 3531 1535 3606 argumentum
1614 3587 1618 3594 ,

365 3639 505 3697 tantum
539 3629 704 3719 pertinet,
740 3642 794 3697 est
832 3629 926 3696 enim
961 3651 1166 3714 magnorum
1204 3649 1319 3693 rorum
1350 3628 1498 3714 pictum.
1509 3633 1534 3711 1)

365 3741 490 3824 Itaque
512 3738 580 3804 hae
602 3736 915 3825 megalographiae
938 3759 1009 3802 nou
1034 3757 1172 3820 genere,
1199 3735 1261 3800 sed
1281 3745 1492 3820 argumento
1514 3758 1536 3802 a

364 3844 596 3913 varietatibus
619 3844 688 3912 illis
713 3844 888 3932 topiorum
912 3842 1090 3925 differunt,
1125 3840 1266 3908 novitas
1290 3851 1409 3906 autem
1432 3863 1536 3927 argu·

364 3951 475 4019 menti
499 3951 536 4018 in
561 3975 602 4020 eo
626 3963 688 4037 est,
712 3954 805 4040 quod
830 3949 935 4039 topiis
959 3950 1158 4016 fabularum
1179 3947 1369 4036 dispositae
1380 3946 1536 4033 ,explica-

365 4058 478 4126 tiones
489 4059 629 4127 additae
639 4071 732 4128 sunt.
758 4057 913 4127 Omnino
926 4066 1045 4122 autem
1056 4053 1246 4122 verisimile
1255 4064 1317 4137 est,
1328 4051 1535 4140 priusquam

363 4171 487 4234 heroes
504 4166 615 4234 additi
632 4165 711 4252 sint,
735 4165 909 4252 imagines
924 4162 1119 4244 hominum,
1143 4163 1263 4247 quales
1280 4171 1366 4226 tunc
1377 4159 1414 4224 in
1428 4158 1534 4246 topiis

364 4277 605 4360 versabantur,
629 4275 673 4341 ad
697 4273 732 4340 id
756 4271 991 4352 efficiendum,
1015 4269 1108 4353 quod
1124 4288 1189 4333 nos
1204 4267 1361 4352 Sloffogo
1376 4264 1534 4349 dicimus,

474 4498 496 4577 Ι)
520 4496 565 4556 Cf.
581 4493 725 4572 Stephani
747 4494 935 4552 Thesaurum
959 4489 1015 4546 sub
1036 4482 1286 4569 usyuioypapio.
