3800 5292
958 1013 1005 1074 ιιι.

595 1151 779 1232 Parietes
808 1151 1049 1254 Pompeianl
1079 1153 1163 1232 stili
1193 1154 1377 1234 secundi.

506 1351 582 1413 Iam
606 1345 839 1434 cognovimus
863 1349 1060 1433 complures
1082 1346 1238 1434 picturas
1263 1346 1494 1436 Pompeianas
1518 1371 1568 1416 se·
1597 1335 1601 1342 ¹

403 1453 509 1522 cundi
544 1452 616 1520 stili
650 1453 685 1519 in
711 1455 816 1520 domo
851 1453 1149 1542 epigrammatum
1180 1465 1361 1522 exstantes
1383 1476 1474 1542 quae
1496 1477 1567 1522 non

399 1563 522 1645 solum,
557 1561 650 1646 qnod
678 1561 722 1626 ad
745 1561 870 1644 locum,
894 1561 956 1627 sed
980 1559 1095 1645 etiam,
1130 1562 1224 1648 quod
1247 1562 1291 1628 ad
1314 1561 1410 1650 ipsas
1433 1560 1568 1649 figuras

399 1667 535 1751 attinet,
570 1667 636 1733 arti
662 1671 843 1734 Romanae
871 1667 1079 1734 tribuendae
1112 1679 1205 1735 sunt
1252 1667 1416 1737 Vidimus
1449 1679 1568 1736 antem

399 1774 554 1862 picturas
578 1778 758 1841 Romanas
781 1775 936 1842 maxima
959 1786 1118 1861 exparte
1134 1775 1269 1862 figuras
1284 1776 1421 1860 habere,
1433 1830 1435 1839 ,
1446 1798 1568 1863 quase

400 1881 529 1948 tabulis
553 1879 697 1949 Graecis
721 1882 945 1970 depromptas
969 1904 1046 1950 esse
1067 1884 1275 1970 plerumque
1294 1881 1483 1950 verisimile
1506 1892 1568 1965 est,

400 1989 507 2055 semel
531 1999 650 2055 autem
674 1999 820 2056 constat.
867 1989 1006 2074 Quibus
1026 1990 1241 2076 respondent
1256 2013 1318 2056 eae
1333 1988 1480 2056 secundi
1495 1987 1568 2057 stili

400 2095 566 2182 picturae,
590 2118 677 2183 quas
697 2096 823 2164 domus
847 2118 936 2184 quae
958 2095 1086 2163 dicitur
1106 2095 1282 2164 citaristae
1297 2096 1400 2164 nobis
1415 2095 1569 2180 donavit,

402 2201 537 2290 Herbig
563 2207 634 2287 152,
658 2208 731 2287 aaa,
759 2207 851 2287 1401,
875 2206 947 2270 566.

508 2313 563 2375 De
599 2309 736 2396 pictura
771 2307 895 2376 Martis
934 2320 970 2377 et
1004 2308 1151 2378 Veneris
1190 2332 1345 2377 amorem
1381 2308 1570 2377 exhibente

403 2420 447 2484 H.
486 2421 549 2484 323
561 2417 598 2503 ¹),
637 2437 717 2483 cum
756 2416 938 2486 Winter
977 2415 1151 2503 copiosius
1195 2415 1411 2502 disseruerit,
1448 2414 1570 2504 paucis

402 2534 542 2592 tanturn
565 2523 682 2591 verbis
705 2545 819 2610 agam.
866 2527 1010 2607 Locum,
1046 2522 1106 2610 qui
1129 2522 1233 2608 saxis,
1266 2523 1347 2611 pila,
1369 2534 1500 2607 monte,
1532 2522 1569 2589 in

403 2655 471 2719 quo
508 2632 609 2698 arbor
645 2629 789 2713 eminet,
828 2629 1009 2715 delinitur,
1049 2635 1211 2698 Romano
1254 2630 1379 2718 pictori
1419 2630 1571 2698 tribuen-

403 2741 488 2806 dum
512 2761 587 2805 esse
609 2735 747 2806 Winter
770 2736 1034 2822 demonstravit,
1057 2736 1093 2804 id
1117 2740 1210 2824 quod
1229 2737 1378 2804 dubium
1400 2760 1476 2804 esse
1498 2759 1569 2803 non

402 2856 532 2934 potest,
572 2867 652 2911 cum
695 2869 715 2911 a
754 2845 889 2912 Graeco
931 2867 1028 2911 more
1070 2846 1175 2931 plane
1212 2843 1405 2912 abhorreat
1467 2845 1570 2928 Quod

403 2963 522 3021 autem
545 2951 683 3022 Winter
715 2973 836 3018 omnes
868 2950 1004 3038 figuras
1035 2953 1079 3019 ad
1107 2952 1255 3018 eandem
1285 2952 1442 3018 tabulam
1466 2951 1572 3018 Grae·

404 3083 482 3128 cam
505 3060 703 3127 referendas
734 3081 809 3126 esse
833 3059 1036 3142 contendit.
1057 3057 1146 3124 mihi
1179 3058 1321 3146 quidem
1345 3060 1443 3124 nullo
1465 3059 1571 3124 modo
1610 3143 1612 3146 y

404 3166 586 3256 persuasit.
644 3165 794 3237 Etiamsi
833 3165 928 3233 enim
966 3165 1212 3232 difficultatem
1250 3163 1572 3254 praetermittimus,

405 3298 510 3362 quam
547 3275 654 3340 homo
693 3273 752 3340 ille
795 3297 816 3340 a
854 3274 977 3340 dextra
1015 3284 1115 3360 parte
1153 3283 1251 3340 stans
1289 3271 1571 3359 interpretationi

406 3385 553 3467 allert2),
593 3392 628 3448 et
671 3379 837 3448 duritiam
883 3379 1161 3467 compositionis,
1199 3379 1260 3446 ubi
1298 3380 1457 3445 flexuoso
1496 3401 1572 3464 gra-

405 3490 533 3578 cilique
556 3487 703 3559 Veneris
725 3487 940 3555 lineamento
956 3498 1092 3555 rectum
1108 3498 1143 3555 et
1158 3488 1309 3554 arduum
1325 3507 1450 3572 corpus
1465 3484 1572 3551 huius

405 3596 559 3665 hominis
583 3598 778 3684 respondet,
813 3594 889 3662 fieri
913 3618 985 3662 non
1009 3607 1133 3682 potest,
1169 3592 1269 3660 utin
1294 3593 1415 3659 tabula
1438 3591 1573 3659 Graeca

405 3705 545 3792 figurae¹
576 3705 613 3770 in
647 3703 761 3791 spatio
785 3715 858 3778 tarn
882 3705 999 3791 amplo
1023 3713 1059 3769 et
1082 3703 1126 3768 ab
1150 3704 1241 3768 elato
1264 3700 1446 3766 oculorum
1469 3698 1572 3786 signo

406 3823 592 3899 conspecto
626 3813 814 3878 collocatae
837 3809 977 3878 fuerint.
1025 3810 1191 3877 Conferas
1214 3805 1330 3891 velim,
1362 3818 1495 3894 quanta
1518 3804 1573 3890 sit,

406 3922 500 4008 qnod
533 3921 577 3985 ad
604 3919 721 3984 locum
749 3918 890 4002 attinet,
926 3915 1111 3985 diversitas
1145 3915 1181 3982 in
1215 3913 1442 3981 collocatione
1477 3912 1573 3980 canis

517 4103 540 4182 ¹)
563 4105 609 4161 Fr.
629 4103 751 4169 Winter,
773 4091 858 4159 Uber
875 4103 1024 4176 Vorlagen
1047 4099 1311 4175 pompeianischer
1328 4096 1574 4172 Wandgemalde.

408 4185 521 4253 Osterr.
544 4194 679 4269 Jahresh.
703 4193 737 4270 V,
765 4190 858 4260 1902,
881 4212 910 4267 p.
934 4190 986 4258 96,
1009 4191 1070 4264 Fig.
1097 4188 1147 4249 15.

399 4345 400 4349 ,
516 4279 542 4364 ²)
565 4282 678 4358 Helbig
696 4282 812 4358 (Rhein.
827 4281 903 4338 Mus.
923 4279 1016 4349 1869,
1038 4299 1068 4354 p.
1085 4276 1159 4340 520.
1178 4277 1457 4349 Untersuchungen‚
1475 4293 1504 4348 p.
1520 4271 1573 4348 22)

409 4375 567 4431 custodem
590 4373 726 4439 alterum,
748 4369 869 4446 Dilthey
893 4371 980 4446 (Ano.
1002 4369 1031 4430 d.
1053 4367 1123 4424 lnst.
1142 4365 1235 4435 1875,
1258 4385 1286 4441 p.
1306 4364 1356 4437 17)
1381 4363 1574 4439 Gingronem.

408 4463 522 4520 Winter
538 4464 556 4519 l.
569 4463 588 4524 1.
602 4462 702 4519 Solem
718 4460 867 4528 nominat;
886 4459 922 4518 cf.
937 4459 1029 4516 etiam
1046 4457 1175 4516 Hermes
1194 4453 1287 4523 1902,
1302 4475 1331 4530 p.
1344 4451 1408 4514 318
1425 4448 1575 4540 (Robert),
