3800 5292
807 513 1004 585 ..5..

320 731 499 822 vestisque
532 737 622 820 pars,
655 757 673 800 a
709 733 852 802 sinistra
886 733 1004 822 aquila
1034 743 1070 800 et
1098 742 1276 822 sceptrum
1299 727 1395 801 Iovis
1417 752 1494 820 pro

321 839 413 907 iecta
451 852 549 919 sunt;
584 863 656 908 non
692 841 839 908 dubium
868 863 944 908 esse
967 851 1085 929 potest
1107 839 1192 928 quin
1216 841 1305 907 haec
1327 862 1408 927 pars
1431 861 1494 927 pro

321 951 400 1014 aere
422 947 587 1016 habenda
610 947 665 1033 sit,
688 947 725 1015 id
749 950 842 1036 quod
866 947 951 1015 olim
964 949 1078 1014 colore
1095 969 1235 1035 quoque
1251 945 1495 1034 significatum

320 1055 429 1122 fuisse
464 1053 654 1123 verisimile
688 1065 749 1122 est
796 1053 918 1142 Magni
953 1065 1072 1122 autem
1099 1053 1271 1122 momenti
1303 1065 1365 1139 est,
1400 1055 1494 1141 quod

282 1183 285 1188 ·
322 1160 417 1229 Iovis
440 1160 559 1248 figura
580 1184 651 1229 non
675 1161 713 1229 in
737 1161 920 1230 cacumine
943 1161 1084 1246 montis,
1111 1162 1172 1229 sed
1196 1161 1233 1228 in
1257 1163 1374 1228 fronte
1397 1182 1495 1228 cacu-

320 1267 427 1334 minis
443 1270 614 1336 collocata
629 1279 691 1354 est,
707 1291 776 1356 quo
788 1269 840 1354 fit,
856 1279 897 1336 ut
908 1268 1040 1336 montis
1053 1267 1294 1336 extremitates
1306 1267 1501 1336 discrimen-

268 1457 269 1462 *
321 1373 414 1454 inter
435 1387 594 1442 montem
617 1387 653 1444 et
676 1380 792 1444 aerem
815 1375 983 1446 efficiant.

429 1481 589 1552 Similem
629 1482 780 1570 quidem,
818 1484 880 1550 sed
915 1484 1069 1570 quodam
1101 1483 1207 1549 modo
1242 1493 1495 1549 commutatam

322 1588 493 1656 rationem
528 1601 666 1677 praeter
699 1591 786 1656 alias
819 1589 974 1658 rationes
1001 1589 1038 1656 in
1062 1612 1104 1656 eo
1138 1600 1369 1656 monumento
1399 1611 1497 1677 prae·

323 1695 515 1764 clarissimo
543 1695 754 1782 invenimus,
790 1698 882 1784 quod
907 1695 1084 1784 Telephi
1106 1697 1264 1763 fabulam
1286 1695 1410 1781 reddit,
1443 1721 1497 1763 zo-

321 1803 473 1890 phorum
493 1801 571 1870 dico
589 1803 750 1890 Pergami
767 1814 952 1891 repertum.
1000 1801 1133 1871 Pariter
1148 1801 1244 1870 enim
1258 1803 1397 1890 figurae
1413 1815 1496 1870 ante

321 1920 480 1977 montem
515 1921 551 1978 et
584 1909 621 1977 in
649 1920 771 1978 monte
800 1913 992 1978 collocatae
1015 1909 1159 1978 suntin
1183 1909 1253 1976 illis
1276 1910 1496 1997 fragmentis

323 2038 412 2103 quae
435 2015 571 2105 navigii
587 2016 870 2084 aedificationem
893 2017 1072 2085 adhibent.
1082 2023 1106 2101 ¹)
1152 2019 1313 2101 Quorum
1328 2016 1365 2082 in
1382 2016 1496 2105 priore

323 2134 489 2210 quattuor
500 2122 594 2191 viros
606 2123 643 2191 in
657 2123 876 2192 aedificando
892 2123 952 2191 illo
965 2124 1112 2210 navigio
1124 2135 1313 2212 occupatos
1325 2122 1496 2208 videmus
1513 2174 1517 2181 -

323 2232 473 2297 alterum
505 2253 642 2298 servam
674 2231 916 2300 subsidentem
939 2231 1108 2317 ostendit3
1143 2231 1180 2298 in
1204 2244 1354 2318 utroque
1377 2243 1497 2299 autem

323 2339 523 2424 fragmento
545 2337 684 2425 figurae
712 2350 795 2407 ante
817 2349 976 2406 montem
1001 2341 1191 2406 collocatae
1214 2349 1307 2422 sunt,
1336 2337 1436 2405 cuius
1458 2338 1496 2404 in

244 2449 246 2453 ’
324 2443 438 2532 capite
478 2443 536 2510 hic
570 2447 675 2532 Auge
719 2445 833 2530 (iuxta
871 2469 949 2514 eam
989 2458 1108 2514 autem
1147 2446 1238 2512 duae
1282 2467 1404 2512 servae
1446 2444 1498 2511 in·
1588 2468 1594 2483 ·

324 2551 483 2640 sistunt),
518 2551 590 2618 illic
612 2553 772 2642 nympha
794 2565 980 2632 montana,
1005 2565 1046 2620 ut
1067 2552 1219 2638 videtur,
1243 2551 1381 2618 insidet
1427 2552 1498 2621 Sed

324 2679 402 2724 cum
435 2657 616 2728 inferiores
647 2671 764 2747 partes
795 2659 832 2728 in
863 2663 940 2728 loco
971 2660 1200 2748 exprimendo
1227 2681 1308 2726 cum
1334 2659 1498 2726 Archelai
1614 2683 1618 2689 ·

325 2775 451 2854 ectypo
489 2765 634 2833 omnino
673 2767 905 2853 consentiant,
944 2767 1142 2857 superiores
1180 2768 1286 2853 plane
1319 2765 1497 2834 differunt.

324 2876 418 2940 Nam
453 2895 533 2940 cum
568 2873 640 2940 illic
662 2896 764 2942 mons
793 2875 893 2962 quasi
916 2873 1085 2962 parietem
1111 2871 1252 2958 efficiat,
1286 2885 1498 2960 antequem

324 2979 463 3067 figurae
486 2981 676 3048 collocatae
699 2991 792 3066 sunt,
815 2981 874 3048 hic
896 3003 1000 3048 mons
1023 2992 1060 3048 et
1081 2979 1220 3068 figurae
1236 2979 1341 3047 simul
1357 2982 1498 3047 easdem

324 3099 442 3176 partes
477 3109 578 3156 areae
612 3090 807 3175 explendae
841 3090 983 3173 habent,
1018 3110 1088 3176 quo
1115 3087 1159 3154 fit
1190 3097 1231 3155 ut
1259 3087 1398 3174 figurae
1425 3109 1497 3154 non

325 3193 396 3261 iam
427 3193 542 3262 monti
573 3194 736 3262 subditae
759 3195 839 3264 sint.
886 3199 1012 3283 Itaque
1034 3194 1094 3261 hic
1117 3205 1153 3262 et
1175 3217 1278 3260 mons
1301 3203 1338 3260 et
1360 3194 1499 3280 figurae

327 3323 367 3367 eo
401 3323 549 3368 munere
579 3304 789 3388 funguntur,
824 3304 918 3390 quod
952 3301 1025 3369 illic
1051 3324 1154 3369 mons
1181 3303 1277 3368 solus
1305 3303 1362 3368 vel
1384 3299 1499 3388 paries

326 3411 497 3477 effecerat
545 3413 645 3476 Haec
673 3420 793 3476 autem
821 3409 910 3477 ratio
939 3431 1009 3496 qno
1038 3411 1137 3476 fonte
1165 3418 1241 3475 orta
1265 3431 1341 3475 esse
1363 3409 1500 3495 potest?

432 3515 692 3586 Similitudines
715 3517 824 3584 habet
847 3537 927 3583 cum
951 3539 1001 3600 ea,
1025 3538 1131 3603 quam
1154 3515 1192 3582 in
1215 3515 1422 3602 pavimento
1438 3513 1498 3579 illo

327 3621 554 3690 Alexandri
577 3623 783 3710 proelium
812 3645 893 3690 cum
916 3621 1025 3690 Dario
1048 3622 1267 3710 exprimente
1289 3619 1500 3702 invenimus

327 3731 371 3796 de
399 3751 468 3817 qua
492 3728 657 3798 disseruit
679 3729 861 3800 Wickhoff
883 3731 903 3797 l.
920 3731 940 3798 l.
958 3753 990 3817 p.
1008 3735 1058 3797 51.
1105 3730 1252 3799 Summa
1276 3739 1395 3796 autem
1423 3725 1499 3793 eius

327 3835 473 3904 rationis
508 3847 563 3904 est
597 3847 709 3905 totam
732 3835 932 3904 inferiorem
961 3837 1103 3904 tabulae
1129 3845 1266 3924 partem
1293 3833 1420 3921 figuris
1444 3856 1501 3899 ex-

327 3943 424 4030 pleri,
459 3965 528 4030 quo
562 3945 655 4011 facto
678 3945 859 4031 problema
883 3943 1114 4010 continuandi
1149 3941 1217 4010 loci
1240 3965 1312 4008 non
1336 3953 1410 4008 tam
1434 3932 1501 4006 sol·

328 4049 424 4116 vitur
451 4072 556 4136 quam
581 4049 743 4135 evitatur,
772 4074 862 4138 quae
886 4061 1004 4118 tamen
1029 4048 1183 4133 evitatio,
1207 4072 1288 4116 cum
1309 4047 1500 4114 deliberata

328 4167 364 4223 et
379 4159 540 4224 consulto
556 4158 649 4225 facta
665 4156 719 4242 sit,
734 4157 886 4244 pictores
898 4159 967 4224 hoc
975 4158 1156 4245 problema
1168 4154 1378 4242 cognovisse
1390 4155 1499 4221 docet

440 4394 462 4472 1)
484 4397 586 4470 Jahrb.
603 4397 631 4453 d.
646 4395 718 4453 rust.
741 4395 779 4466 11,
801 4413 831 4471 p.
848 4395 921 4465 244,
944 4396 997 4466 111.
1020 4416 1050 4472 p.
1065 4393 1107 4455 97
1124 4389 1275 4477 (Rosea),
1298 4392 1365 4463 xv,
1379 4412 1409 4469 p.
1429 4373 1501 4462 113,

330 4484 408 4540 Abb.
434 4483 474 4544 10
498 4478 680 4568 (Schrader).
