3800 5292
797 506 1015 578 ..27-

327 746 394 791 nus
411 734 452 790 ut
468 723 643 813 topiorum
659 724 833 812 picturam
848 723 1117 813 praeparaverit,
1132 726 1266 811 factum
1282 747 1358 792 esse
1372 735 1498 812 potest,

326 832 388 899 sed
412 832 510 898 nullo
543 841 637 898 certo
663 853 758 899 nexu
791 855 872 898 cum
903 832 1078 919 parietum
1108 831 1245 918 pictura
1276 831 1498 922 prospectiva

328 937 556 1006 coniunctum
580 949 641 1006 est.

435 1068 569 1148 Restat,
586 1075 627 1130 ut
644 1063 798 1131 Petronii
814 1075 876 1132 sat.
890 1088 915 1132 c
930 1070 949 1130 2
966 1066 1083 1131 locum
1100 1065 1387 1153 conclamatum)
1409 1087 1499 1131 com-

328 1194 532 1238 memorem:
551 1173 690 1258 partum
706 1195 835 1259 quoque
850 1195 919 1238 non
936 1174 1045 1237 alzirm
1062 1174 1195 1238 exitum
1203 1174 1301 1259 fecit,
1317 1179 1499 1259 postquam

328 1279 578 1365 Aegyptiorum
617 1281 762 1344 audacia
800 1285 870 1344 tam
909 1302 1055 1366 magnae
1091 1280 1179 1345 artri
1213 1281 1498 1366 compendiariam

330 1387 471 1453 cnvenit.

437 1514 518 1576 Iure
553 1511 640 1576 haec
674 1493 934 1596 compendiaria
957 1513 1002 1578 ad
1025 1510 1168 1598 parietis
1191 1509 1499 1599 pingendiartem,

329 1614 404 1684 sive
429 1619 468 1682 ul
476 1619 593 1704 fresca
616 1627 670 1684 est
693 1616 768 1684 sive
790 1641 811 1682 a
836 1624 993 1704 tempera,
1017 1619 1128 1685 relata
1156 1628 1217 1683 est
1257 1617 1356 1683 Nihil
1381 1629 1500 1684 autem

330 1724 373 1790 de
396 1723 481 1810 ipsis
504 1723 651 1810 picturis
674 1746 789 1810 neque
812 1725 855 1790 de
876 1746 1006 1810 genere
1029 1723 1087 1790 hic
1109 1726 1207 1790 locus
1228 1725 1352 1790 docere
1374 1736 1500 1811 potest,
1558 1785 1561 1790 .

330 1831 391 1896 sed
426 1832 471 1897 ad
505 1829 622 1917 ipsum
655 1829 828 1917 pingendi
862 1832 1018 1902 modum.
1044 1831 1205 1919 pertinet.
1253 1833 1404 1898 Causam
1426 1853 1498 1897 non

329 1938 501 2004 habemus
526 1960 595 2021 cur,
619 1937 704 2024 quin
725 1937 785 2004 illa
806 1936 842 2003 in
859 1939 1024 2027 Aegypto
1048 1937 1194 2005 inventa
1210 1937 1264 2022 sit,
1289 1937 1500 2033 dubitemus,

330 2045 391 2111 sed
424 2043 514 2111 nihil
547 2043 632 2111 artis
659 2043 827 2111 historiae
851 2045 1008 2111 interest.
1055 2049 1138 2111 Non
1162 2045 1258 2111 enim
1281 2044 1364 2110 licet
1386 2043 1500 2131 ipsam

329 2149 552 2238 parietariam
586 2151 768 2238 picturam,
801 2174 891 2238 quae
930 2151 1027 2238 topia
1065 2151 1338 2218 architectonica
1372 2151 1501 2218 similia

330 2257 493 2342 ostendit,
517 2259 711 2325 secundum
735 2259 802 2324 hoc
826 2257 1067 2326 testimonium
1084 2258 1121 2324 in
1137 2261 1302 2345 Aegypto
1318 2258 1501 2326 inventam

330 2389 407 2432 esse
422 2377 559 2453 putare,
584 2366 644 2432 sed
661 2366 749 2432 haec
764 2367 880 2450 verba,
896 2364 926 2431 si
943 2376 1083 2452 tempus
1098 2365 1315 2432 inventionis
1332 2364 1500 2432 traditum

331 2484 431 2557 esset,
454 2471 543 2538 nihil
560 2471 628 2538 nisi
645 2472 844 2558 terminum,
867 2483 948 2561 post
964 2495 1069 2559 quem
1084 2474 1260 2539 secundus
1277 2471 1379 2539 stilus
1394 2482 1501 2538 natus

331 2590 430 2664 esset,
446 2581 612 2666 praebere
627 2591 779 2666 possent.
809 2583 932 2664 Immo,
948 2601 1028 2645 cum
1045 2579 1190 2645 secundi
1207 2578 1346 2665 generis
1362 2589 1501 2665 tempus

330 2689 402 2753 fere
426 2696 571 2770 constet,
607 2687 814 2752 concludere
836 2708 1034 2774 possumus,
1069 2708 1147 2753 eam
1169 2686 1428 2773 Aegyptiorum
1451 2684 1502 2751 in-

332 2793 535 2861 ventionem
558 2804 640 2860 ante
664 2815 797 2860 annum
822 2798 864 2858 80
888 2817 918 2859 a.
944 2794 1022 2859 Chr.
1047 2816 1080 2859 n.
1103 2794 1233 2858 factam
1256 2815 1339 2859 esse.

438 2917 646 3005 Priusquam
691 2927 810 2984 autem
858 2918 902 2983 de
949 2916 1072 2984 ceteris
1120 2916 1265 2983 secundi
1312 2916 1383 2984 stili
1433 2917 1503 3004 pic-

331 3024 419 3092 turis
454 3048 568 3112 agam,
604 3026 648 3090 de
685 3023 851 3110 figuris,
887 3046 975 3111 quas
1009 3024 1046 3090 in
1082 3023 1187 3110 topiis
1221 3023 1292 3090 illis
1320 3023 1502 3092 Vaticanis

330 3131 541 3216 invenimus,
575 3154 688 3218 pauca
722 3131 900 3199 disseram.
953 3135 1055 3197 Duae
1082 3141 1201 3197 autem
1230 3140 1315 3197 sunt
1349 3129 1503 3197 rationes

331 3262 421 3325 quae
462 3239 541 3305 illas
583 3250 721 3325 praeter
763 3261 893 3324 paucas
934 3259 1062 3324 easque
1100 3237 1270 3304 femineas
1316 3261 1337 3303 a
1374 3236 1502 3323 figuris

331 3345 476 3413 Graecis
500 3346 736 3432 distinguunt,
761 3357 796 3411 et
824 3368 893 3432 quo
915 3346 1021 3411 modo
1037 3343 1074 3410 in
1098 3346 1175 3411 loco
1199 3345 1388 3410 collocatae
1409 3355 1502 3428 sunt,
1546 3420 1550 3423 .

330 3465 366 3520 et
389 3475 459 3540 quo
474 3455 580 3519 modo
603 3452 775 3520 insistunt
798 3463 833 3518 et
853 3463 1050 3520 moventur.
1089 3455 1183 3518 Nam
1200 3473 1280 3517 cum
1295 3451 1332 3516 in
1356 3449 1502 3536 picturis

331 3559 476 3627 Graecis
491 3559 631 3647 figurae
653 3561 860 3646 plerumque
882 3558 933 3625 ita
952 3558 1068 3648 pictae
1091 3560 1171 3642 sint,
1195 3569 1287 3624 utet
1308 3579 1380 3622 uno
1395 3559 1503 3642 plano

331 3665 580 3734 contineantur
614 3677 650 3734 et
684 3689 806 3733 omnes
840 3669 911 3733 lere
946 3676 1043 3732 artus
1071 3688 1133 3753 per
1164 3666 1232 3730 hoc
1263 3662 1419 3748 spatium
1446 3686 1503 3729 ex-

330 3775 534 3862 pandantur
549 3785 585 3841 et
596 3797 719 3841 omnes
732 3773 883 3860 denique
894 3784 1013 3840 motus
1025 3770 1303 3858 aequidistantes
1315 3794 1336 3836 a
1345 3769 1503 3856 picturae

307 3903 411 3972 area
444 3881 536 3948 fiant
567 3892 630 3948 aut
652 3864 778 3948 saltem
801 3902 873 3946 non
896 3880 1051 3946 multum
1081 3879 1125 3944 ab
1149 3899 1190 3944 ea
1214 3875 1401 3960 declinent,
1434 3877 1503 3942 hae
1569 3929 1574 3936 .

330 3986 469 4074 figurae
502 4011 565 4076 per
599 3997 710 4054 totam
738 3985 915 4074 topiorum
944 3983 1215 4072 amplitudinem
1237 3982 1413 4050 liberrime
1436 3983 1504 4049 dis-

288 4155 290 4162 .
329 4093 466 4180 positae
489 4106 582 4178 sunt,
606 4093 765 4161 omnium
789 4105 952 4182 aspectus
976 4095 1186 4176 decurtatur,
1210 4090 1370 4158 omnium
1384 4102 1503 4157 motus

331 4201 472 4288 oblique
494 4193 597 4270 fiunt.
645 4202 831 4290 Optimum
847 4202 1049 4288 exemplum
1064 4202 1209 4288 praebet
1223 4197 1340 4284 Tityi
1356 4197 1503 4265 iacentis

440 4479 464 4558 ยน)
488 4481 609 4558 Helbig,
633 4481 912 4555 Untersuchungen,
935 4499 965 4554 p.
984 4477 1055 4538 136.
