3800 5292
920 569 1117 630 ..2-

434 777 582 846 servatis
610 780 861 846 nonnullorum
888 790 1199 848 monumentorum
1228 777 1409 865 coloribuS,
1444 804 1488 848 ex
1510 790 1600 863 ecty-

433 907 558 971 porum
582 885 851 973 comparatione,
879 910 923 955 ex
947 884 1159 954 testimoniis
1181 885 1390 974 scriptorum
1417 889 1460 955 de
1483 887 1601 955 indole

433 991 528 1059 illius
543 993 702 1079 picturae
718 992 816 1061 eruit
864 993 1131 1062 Demonstravit
1147 995 1241 1061 enim
1256 992 1601 1082 Wickhotijsspictores

433 1097 573 1166 illorum
607 1110 804 1187 temporum
837 1123 909 1169 non
938 1112 1011 1169 tam
1039 1100 1179 1168 veritati
1214 1122 1319 1188 quam
1347 1099 1601 1189 pulchritudini

435 1207 590 1272 colorum
624 1205 802 1275 studuisse
836 1229 951 1295 neque
985 1209 1098 1274 ullum
1132 1218 1310 1274 auctorem
1342 1209 1386 1274 de
1418 1207 1532 1294 spatio
1562 1207 1600 1272 in

435 1311 564 1380 tabulis
588 1312 850 1401 circumscripto
873 1315 982 1382 verba
996 1317 1119 1382 tacere.
1167 1318 1221 1380 De
1245 1325 1456 1400 argumento
1479 1324 1601 1400 agunt,

434 1441 505 1486 non
541 1419 585 1488 de
619 1431 694 1488 arte
728 1419 798 1488 illis
832 1422 988 1508 exceptis
1022 1419 1183 1505 arbitriis,
1216 1444 1306 1508 quae
1329 1422 1424 1510 apud
1449 1419 1602 1488 Plinium

434 1537 470 1594 et
486 1525 748 1612 Quintilianum
772 1528 901 1596 tradita
923 1539 1017 1614 sunt,
1040 1550 1130 1616 quae
1153 1538 1271 1595 tamen
1295 1550 1341 1594 ne
1361 1528 1437 1615 ipsa
1461 1527 1602 1615 quidem

435 1635 478 1701 de
506 1634 760 1724 compositione
787 1633 975 1723 quicquam
1003 1633 1134 1702 dicunt
1180 1634 1260 1701 Tali
1288 1645 1406 1702 autem
1434 1635 1471 1701 in
1500 1656 1602 1721 quae-

434 1739 549 1808 stione
572 1743 629 1810 vel
653 1765 672 1809 e
695 1741 836 1810 silentio
860 1743 1070 1810 concludere
1092 1741 1182 1809 licet

525 1833 659 1936 ¹Atque
684 1848 838 1938 primum
861 1849 1004 1936 quidem
1027 1848 1230 1916 testimonia
1252 1871 1465 1936 quamquam
1486 1849 1603 1914 locum

434 1955 564 2024 diserte
579 1979 651 2023 non
668 1955 827 2024 indicant
843 1966 962 2023 tamen
974 1955 1061 2044 ipsis
1073 1954 1348 2044 descriptionum
1359 1953 1475 2023 verbis
1486 1956 1603 2020 locum

372 2151 375 2156 Ι
435 2064 622 2147 declarant,
646 2085 726 2130 cum
750 2085 944 2151 numquam
968 2063 1114 2151 figurae,
1138 2085 1228 2151 quae
1254 2073 1337 2150 post
1359 2061 1445 2128 alias
1468 2059 1543 2127 sive
1566 2058 1603 2126 in

435 2193 573 2238 recessu
609 2168 694 2254 sint,
727 2182 1058 2255 commemorentur,
1093 2172 1155 2238 sed
1189 2169 1385 2258 figurarum
1420 2165 1604 2253 dispositio

435 2299 497 2364 per
517 2276 794 2364 praepositiones
810 2279 899 2362 „ad“,
923 2277 1059 2362 „iuxta“
1075 2279 1238 2365 (Graecez
1261 2279 1358 2361 παρά,
1381 2271 1521 2361 πλησίον)
1538 2282 1603 2340 etc.

435 2394 640 2471 exponatur,
664 2385 778 2452 velut:
803 2384 904 2452 Plin:
929 2388 972 2451 N.
990 2389 1037 2452 H.
1051 2388 1198 2468 XXXV,
1215 2389 1257 2449 70
1274 2379 1480 2467 (Detlefsen)
1503 2380 1606 2464 (Par-

435 2493 575 2558 rhasius
606 2493 746 2578 punxit)
780 2494 972 2558 Philiscum
1004 2498 1038 2558 et
1057 2492 1225 2557 Liberum
1259 2493 1396 2576 patrem
1429 2487 1607 2550 adstante

446 2599 578 2666 Virtute
601 2651 680 2666 ....
705 2600 784 2665 item
806 2601 1010 2666 sacerdotem
1034 2600 1206 2664 adstante
1221 2605 1331 2683 puero
1353 2644 1407 2659 ...

488 2711 495 2726 '
544 2712 585 2772 74
625 2707 762 2794 Cyclops
795 2708 966 2773 dormiens
994 2707 1033 2771 in
1050 2706 1193 2792 parvola
1216 2702 1345 2782 tabella,
1378 2699 1477 2763 curus
1503 2697 1608 2761 etsie

437 2814 713 2900 magnitudinem
752 2815 940 2901 exprimere
979 2814 1119 2899 cupiens
1153 2809 1274 2896 pinxit
1309 2807 1426 2870 iuxta
1466 2805 1607 2888 Satyros

430 2921 588 3007 pollicem
611 2922 685 2988 eius
708 2922 894 2989 metientes.

542 3027 637 3096 Tum
672 3038 791 3096 autem
819 3027 913 3096 inter
939 3023 1159 3112 insequentis
1187 3018 1313 3088 aetatis
1340 3015 1494 3104 picturas
1520 3038 1608 3081 non-

436 3135 552 3202 nullas
575 3134 786 3218 invenimus,
810 3133 872 3202 ubi
891 3136 990 3200 locus
1013 3156 1034 3198 a
1057 3126 1284 3216 scriptoribus
1307 3125 1607 3189 commemoratur.

437 3245 560 3330 Itaque
599 3265 681 3310 cum
719 3263 831 3329 usque
869 3243 913 3309 ad
948 3238 1191 3306 Alexandrum
1226 3234 1397 3315 Magnum
1432 3228 1504 3292 fere
1537 3225 1609 3312 pic-

437 3359 530 3416 tores
553 3349 801 3418 continuatum
824 3350 940 3415 locum
964 3367 1036 3412 non
1056 3336 1288 3428 depinxerint,
1307 3332 1464 3419 picturae
1487 3342 1609 3398 autem

437 3457 673 3545 Pompeianae
699 3457 886 3543 pleraeque
921 3447 1226 3520 continuationem
1252 3440 1452 3526 praebeant,
1491 3436 1610 3506 Wiek-

435 3565 513 3632 hoff
557 3587 635 3632 eam
676 3574 787 3630 artem
826 3555 1127 3628 intercedentibus
1165 3543 1313 3616 saeculis
1350 3541 1535 3608 inventam
1573 3555 1611 3610 et

436 3681 576 3738 auctam
612 3693 689 3738 esse
722 3677 833 3756 putat,
868 3665 919 3732 ita
954 3673 995 3730 ut
1018 3683 1090 3727 una
1113 3647 1321 3722 incrementi
1344 3646 1438 3712 linea
1460 3649 1505 3713 ad
1529 3647 1610 3716 illas

435 3776 591 3865 picturas
624 3774 857 3862 Pompeianas
892 3773 1043 3837 duceret
1090 3762 1226 3829 Tamen
1262 3749 1414 3820 dubitari
1448 3762 1569 3837 potest
1577 3761 1611 3839 ¹),

547 3992 572 4079 ¹)
596 3997 641 4053 W.
663 3995 765 4060 Klein,
788 3991 900 4049 Gerclt
924 3988 952 4043 d.
977 3983 1101 4042 Griech.
1125 3976 1237 4039 Kunst,
1259 3971 1310 4037 III,
1343 3989 1372 4044 p.
1395 3965 1425 4024 5.
1449 3999 1490 4008 —
1517 3969 1612 4036 Quod

437 4095 539 4146 autem
563 4087 645 4144 idem
670 4080 928 4142 continuationem
952 4073 1013 4131 loci
1036 4071 1097 4126 iam
1113 4061 1238 4122 Zeuxidi
1261 4056 1421 4155 adscribit,
1434 4055 1509 4111 mihi
1526 4066 1613 4116 certo

436 4177 633 4233 fundamento
658 4189 762 4232 carere
785 4169 911 4230 videtur,
935 4180 1006 4220 cum
1028 4157 1094 4215 fieri
1117 4151 1222 4228 possit,
1244 4153 1277 4202 ut
1299 4143 1474 4244 verbanlla,
1499 4146 1614 4218 quibu„

436 4270 522 4324 locus
557 4265 777 4322 Centaurorum
805 4257 928 4314 tabulae
963 4247 1097 4326 (Lucian.
1125 4238 1233 4298 Zeuxis
1267 4234 1298 4301 41
1330 4231 1546 4332 significatum·
1563 4232 1615 4295 tat

436 4353 532 4437 χλόης
565 4351 740 4426 εὐθαλοῦς,
772 4347 886 4404 nnllam
918 4339 1056 4397 colorum
1089 4329 1248 4388 veritatem
1262 4409 1268 4423 .
1283 4313 1502 4422 (Liuianum).
1521 4324 1615 4423 mgni.

436 4447 539 4505 licent.
586 4445 704 4500 Pratum
739 4437 820 4495 enim
854 4443 1010 4503 nunquam
1038 4421 1098 4478 alio
1122 4431 1215 4492 quam
1241 4409 1326 4465 vrndr
1347 4407 1448 4462 colore
1471 4417 1616 4485 pingitur,

436 4542 484 4599 vel
508 4540 538 4596 in
560 4535 712 4596 aetatibus
735 4544 814 4608 quae
835 4540 895 4582 non
912 4518 969 4577 nisi
986 4515 1025 4572 ad
1041 4502 1295 4589 pulchritudinem
1311 4494 1445 4552 colorum
1461 4503 1616 4568 speum,
