3800 5292
742 547 1042 628 '-29-

344 775 410 844 loci
434 774 606 864 pingendi
629 774 802 844 rationem
822 777 993 863 praebent
1015 799 1057 844 ac
1081 775 1177 864 topia
1192 775 1372 846 Vaticana
1418 776 1514 845 Satis

345 883 439 950 enim
474 884 612 971 amplus
640 884 737 950 locus
766 881 994 950 continuatus
1022 894 1084 968 est,
1116 907 1179 970 per
1206 905 1311 971 quem
1338 883 1514 950 liberrime

344 1011 458 1077 neque
501 1000 706 1077 ectyporum
748 989 888 1077 legibus
932 989 1123 1077 impeditae
1165 989 1304 1076 figurae
1348 989 1514 1078 deinceps

344 1098 534 1164 collocatae
568 1106 660 1163 sunt
714 1095 869 1181 Accedit,
903 1099 998 1184 quod
1024 1120 1079 1164 res
1113 1095 1325 1182 remotiores,
1360 1095 1436 1165 sive
1461 1120 1515 1164 co·

344 1205 484 1270 lumnas
508 1225 587 1270 cum
611 1206 757 1272 deorum
777 1203 973 1272 simulacris
993 1204 1068 1272 sive
1089 1203 1269 1292 templum,
1293 1203 1515 1293 eparietaria

343 1309 481 1397 pictura
504 1309 662 1378 derivare
677 1332 872 1400 possumus
920 1310 1009 1384 Luci
1025 1310 1120 1377 enim
1136 1321 1172 1378 et
1187 1313 1270 1377 lana
1286 1311 1380 1398 apud
1397 1309 1515 1379 Vitru-

344 1415 442 1484 vium
467 1415 690 1504 Pliniumque
712 1416 804 1485 inter
827 1417 1003 1505 topiorum
1019 1418 1174 1504 picturas
1190 1428 1515 1502 commemorantur,

345 1525 515 1612 templum
532 1535 649 1592 autem
667 1523 832 1612 picturae,
853 1547 942 1612 quae
960 1528 1091 1591 Panem
1107 1536 1143 1592 et
1159 1529 1323 1591 Amorem
1338 1525 1515 1591 luctantes

345 1629 501 1698 ostendit
534 1631 603 1716 (So
629 1631 717 1719 242),
752 1630 846 1698 idem
876 1633 948 1698 lere
983 1642 1045 1712 est,
1080 1632 1174 1718 quod
1202 1629 1238 1697 in
1263 1630 1397 1718 pariete
1421 1635 1514 1715 Mau,

345 1735 559 1806 Geschichte
574 1736 614 1804 T.
632 1738 755 1822 V11,b.
772 1736 983 1805 invenimus.
1030 1741 1155 1825 ltaque
1179 1736 1327 1804 dubium
1350 1760 1513 1805 essenon

344 1853 470 1933 potest,
493 1843 578 1932 quin
603 1845 671 1912 hae
694 1843 851 1933 picturae
874 1867 893 1912 e
912 1843 1135 1938 prospectiva
1149 1844 1287 1931 pictura
1303 1844 1516 1913 derivandae

346 1951 426 2036 sint,
450 1950 707 2040 epigrammata
729 1963 849 2019 autem
873 1951 1058 2038 adscripta,
1083 1962 1124 2019 ut
1146 1974 1201 2018 res
1216 1951 1294 2039 ipsa
1309 1951 1447 2040 docet1),
1470 1954 1515 2018 ad

345 2059 484 2125 tabulas
506 2060 613 2145 plane
636 2061 680 2125 ab
704 2057 760 2125 his
783 2057 978 2146 parietibus
1001 2059 1158 2126 diversas
1174 2057 1400 2146 explicandas
1425 2081 1515 2125 com·
1575 2049 1578 2053 ’

344 2165 460 2253 posita
491 2175 583 2232 sunt
631 2168 755 2252 Itaque
777 2165 814 2231 id
838 2163 913 2252 egit
936 2164 1050 2254 pictor
1074 2164 1318 2253 Pompeianus
1353 2176 1394 2232 ut
1417 2166 1516 2231 tabu-

344 2273 458 2338 larum
475 2269 614 2338 illarum
629 2270 775 2359 ignarus
792 2271 1048 2359 epigrammata
1064 2271 1125 2338 illa
1140 2295 1205 2338 suo
1222 2275 1335 2339 Marte
1350 2271 1515 2358 penicillo

344 2379 514 2445 redderet.
554 2379 586 2449 E
608 2378 734 2465 figuris
750 2390 870 2446 autem
885 2382 1017 2463 Venus,
1040 2377 1132 2445 sicut
1147 2380 1324 2467 nymphae
1340 2377 1516 2467 topiorum

344 2485 605 2570 Vaticanorum,
622 2485 795 2554 Graecam
815 2485 971 2552 indolem
986 2486 1102 2570 habet,
1126 2485 1280 2572 reliquae
1303 2496 1423 2552 autem
1442 2507 1514 2552 non

345 2594 459 2660 solum
480 2591 517 2658 in
534 2592 772 2678 collocatione,
796 2593 857 2660 sed
874 2592 981 2659 etiam
997 2591 1033 2659 in
1052 2602 1126 2660 tota
1142 2602 1217 2659 arte
1231 2591 1284 2676 iis,
1307 2614 1395 2679 quas
1409 2593 1515 2659 modo

344 2697 605 2786 descripsimus,
643 2709 716 2766 tam
751 2697 882 2766 similes
917 2709 1015 2783 sunt,
1049 2711 1091 2767 ut
1124 2721 1236 2787 usque
1270 2701 1316 2766 ad
1353 2699 1516 2786 singulos

343 2816 462 2873 motus
477 2804 762 2893 lineamentaque
777 2804 1027 2873 similitudines
1042 2806 1203 2893 persequi
1219 2805 1403 2895 possimus.
1428 2807 1516 2874 Con-

251 2921 258 2929 '
343 2915 435 2980 feras
449 2912 557 2980 velim
573 2913 783 3002 piscatorem
795 2911 969 2980 iuniorem
985 2911 1021 2978 in
1040 2912 1187 2980 Homeri
1202 2913 1341 3000 pictura
1357 2913 1423 3003 (so.
1438 2916 1515 3002 601)

345 3041 426 3086 cum
460 3019 587 3107 figuris
621 3018 803 3088 Antilochi
838 3030 874 3087 et
907 3019 1082 3087 sociorum
1118 3020 1287 3109 (Nogara,
1323 3031 1344 3088 t
1373 3025 1421 3105 13,
1453 3025 1515 3106 14),

344 3136 407 3193 aut
440 3136 576 3194 stantes
609 3125 689 3194 illos
724 3127 848 3192 fratres
878 3125 915 3192 in
938 3126 1078 3212 pictura
1099 3126 1157 3195 So.
1186 3131 1247 3193 197
1271 3148 1352 3193 cum
1375 3138 1516 3214 pastore

344 3254 450 3320 supra
477 3231 658 3319 descripto.
706 3232 841 3304 Eadem
865 3241 950 3299 sunt
972 3231 1196 3317 lineamenta,
1231 3235 1374 3301 eaedem
1397 3234 1516 3302 standi

344 3350 380 3406 et
403 3337 563 3426 agitandi
586 3337 747 3406 rationes.

452 3449 552 3514 Haec
575 3447 645 3512 duo
669 3448 830 3533 exempla
852 3448 990 3514 fabulas
1007 3447 1160 3513 Graecas
1183 3447 1395 3533 describunt,
1418 3451 1516 3516 locus

344 3557 463 3618 autem
480 3556 663 3619 Romanus
679 3563 741 3638 est,
757 3551 896 3640 figurae
911 3552 1058 3620 minime
1074 3554 1229 3621 Graecae
1245 3565 1337 3621 sunt
1384 3554 1515 3622 Generi

344 3669 464 3726 autem
478 3663 639 3727 Romano
651 3659 716 3726 has
725 3659 860 3746 figuras
873 3660 1078 3728 tribuendas
1091 3683 1175 3744 esse,
1187 3660 1271 3726 inde
1283 3661 1406 3744 elucet,
1422 3662 1515 3748 quod

343 3767 449 3852 plane
470 3767 610 3833 easdem
628 3765 764 3853 figuras
780 3767 888 3834 etiam
903 3766 940 3833 in
957 3767 1035 3834 aliis
1052 3766 1209 3833 eiusdem
1225 3766 1354 3834 aetatis
1369 3766 1516 3855 picturis

345 3871 516 3938 Romanis
539 3871 750 3958 invenimus
786 3874 885 3940 velut
907 3873 944 3940 in
970 3872 1075 3961 topiis
1099 3872 1278 3959 omativis,
1313 3896 1403 3961 quae
1426 3897 1517 3941 conr-

343 3980 461 4066 plures
485 3980 631 4047 domus
655 3978 911 4048 Farnesinae
933 3981 1085 4068 parietes
1107 3979 1210 4048 nobis
1232 3981 1445 4068 praebent.²)

452 4089 552 4172 Quae
575 4084 741 4176 picturae,
774 4109 863 4174 quae
892 4099 1036 4174 propter
1058 4085 1211 4176 speciem
1241 4085 1440 4155 omativam
1463 4111 1516 4156 ac·

455 4269 479 4352 ¹)
503 4271 548 4330 Cf.
571 4272 610 4330 O.
633 4273 696 4341 Bie,
719 4274 821 4349 Jahrb.
845 4273 873 4330 d.
896 4273 968 4330 Inst.
995 4271 1089 4342 1889,
1111 4293 1141 4348 p.
1160 4272 1232 4334 129.

452 4357 480 4443 2)
503 4361 625 4438 Helbig,
648 4362 760 4420 Fdhrer
779 4360 872 4429 1124,
895 4363 937 4418 Μ.
953 4359 982 4418 (1.
997 4361 1020 4418 Ι.
1035 4361 1087 4432 Xl,
1110 4369 1130 4425 t.
1148 4362 1200 4431 44,
1223 4362 1264 4420 Η.
1283 4361 1376 4442 1146,
1399 4365 1440 4420 M.
1453 4365 1482 4420 d.
1494 4365 1517 4420 1.

343 4451 410 4524 XII,
433 4458 453 4508 t.
470 4450 522 4516 28,
545 4449 580 4514 E.
597 4450 696 4526 ῑόπγ,
718 4451 892 4508 Festschrilt
914 4451 934 4508 1.
949 4451 988 4508 Ο.
1004 4449 1186 4519 Hirschfeld,
1208 4471 1238 4527 p.
1254 4452 1329 4520 418,
1345 4452 1517 4522 Studnicka,

343 4540 519 4616 Tropaeum
541 4540 673 4612 Traiani,
695 4560 723 4616 p.
740 4539 793 4609 32,
815 4543 903 4598 Anm.
919 4540 972 4611 44,
994 4560 1024 4615 p.
1040 4539 1092 4610 65,
1115 4542 1203 4599 Anm.
1221 4540 1293 4604 144.
1601 4547 1608 4559 ‘
