3800 5292
894 559 1115 640 -.1⁸-

412 766 455 834 fit
482 777 518 835 et
541 769 649 854 longe
672 778 815 856 superat
837 790 906 853 eas,
929 790 1017 856 quas
1034 769 1168 836 Robert
1190 767 1415 856 comparavit,
1438 769 1585 854 tabulas,

412 873 671 942 dubitationem
688 876 810 960 affert,
845 897 890 942 an
925 877 1105 964 exemplar
1138 897 1278 963 quoque
1304 874 1447 962 zophori
1474 874 1587 944 instar

411 979 525 1048 fuerit

520 1090 692 1156 Accurate
717 1087 748 1155 ei
772 1091 988 1176 respondent
1007 1100 1044 1157 et
1058 1090 1171 1156 forma
1194 1100 1230 1156 et
1252 1088 1449 1177 figurarum
1472 1091 1586 1178 dispo

412 1195 540 1262 sitione
583 1196 674 1263 duae
717 1199 854 1264 Domus
896 1199 1034 1263 Aureae
1076 1196 1247 1284 picturae,
1285 1219 1434 1284 quarum
1477 1199 1587 1266 altera

414 1300 537 1369 Martis
576 1312 612 1368 et
646 1301 806 1387 Veneris,
842 1304 951 1388 altera
986 1302 1174 1392 Hippolyti
1208 1304 1365 1370 fabulam
1399 1303 1543 1372 exhibet
1552 1305 1586 1391 ¹),

412 1430 502 1496 quae
539 1407 637 1498 ipsae
675 1431 814 1496 quoque
857 1409 1020 1497 zophoris
1062 1408 1194 1476 similes
1236 1408 1330 1477 intra
1368 1432 1586 1478 concamera-

413 1514 520 1582 tionis
552 1515 895 1583 omamentationem
924 1526 1016 1582 sunt
1063 1519 1225 1603 Utraque
1247 1528 1368 1584 autem
1390 1519 1586 1585 secundum

412 1623 625 1709 apographa,
661 1644 751 1709 quae
785 1622 887 1690 nobis
926 1634 1065 1690 servata
1104 1633 1197 1702 sunt,
1237 1622 1333 1690 omni
1372 1623 1440 1692 loci
1477 1624 1586 1712 signi-

411 1728 577 1796 ficatione
616 1729 769 1797 caruisse
807 1740 843 1797 et
873 1730 1010 1817 figuras
1039 1751 1103 1817 per
1131 1729 1306 1798 incertum
1335 1732 1488 1798 fundum
1518 1731 1585 1798 dis·
1632 1818 1637 1826 .
1678 1823 1680 1825 ‚

411 1835 544 1926 positas
578 1838 746 1906 habuisse
780 1837 928 1906 videtur.
976 1843 1102 1927 Itaque
1129 1837 1206 1906 fieri
1232 1849 1358 1925 potest,
1386 1849 1427 1906 ut
1453 1861 1584 1916 murus,

412 1942 471 2031 qui
509 1966 572 2031 pro
612 1943 764 2012 cubiculi
804 1944 938 2033 pariete
975 1945 1112 2034 positus
1149 1946 1354 2032 scrupulum
1390 1957 1526 2030 movet,
1564 1971 1586 2013 a

414 2054 576 2118 Romano
611 2053 754 2118 demum
786 2052 920 2141 pictore
943 2052 1086 2120 additus
1108 2051 1163 2137 sit,
1198 2073 1413 2139 quamquam
1436 2051 1585 2120 etiame

412 2158 586 2226 contrario
621 2159 769 2246 cogitari
804 2170 930 2249 potest,
965 2159 1033 2227 loci
1068 2158 1173 2247 signa
1206 2159 1243 2226 in
1279 2163 1417 2226 Domus
1447 2161 1585 2226 Aureae

411 2263 571 2352 picturis,
606 2266 699 2353 quod
740 2277 1028 2334 ornamentorum
1062 2264 1175 2334 instar
1208 2276 1301 2351 sunt,
1335 2264 1466 2333 omissa
1500 2289 1583 2333 esse.

410 2370 557 2438 Accedit
598 2383 731 2458 autem,
764 2375 858 2460 quod
896 2372 989 2461 pilae
1027 2383 1134 2460 caput
1171 2371 1286 2440 simile
1320 2384 1375 2440 est
1409 2372 1455 2457 ei,
1490 2375 1584 2461 quod

412 2480 477 2546 sub
516 2480 639 2546 dextro
676 2479 835 2567 picturae
871 2482 1005 2568 angulo
1044 2503 1064 2548 e
1101 2478 1245 2569 parietis
1279 2480 1585 2548 ornamentatione

411 2597 578 2673 superest
637 2591 730 2658 Utut
767 2585 804 2654 id
843 2598 909 2672 est,
945 2598 1038 2656 certe
1072 2585 1279 2675 compositio
1318 2585 1432 2654 eidem
1467 2587 1584 2672 aetati,

411 2704 518 2780 atque
545 2693 745 2781 antiquiora
769 2697 905 2762 Domus
931 2692 1112 2761 Palatinae
1145 2705 1182 2762 et
1210 2698 1346 2761 Domus
1371 2693 1585 2762 Famesinae

411 2801 624 2888 apographa,
658 2799 845 2868 tribuenda
878 2812 940 2886 est,
975 2801 995 2868 i.
1020 2824 1047 2869 e
1075 2799 1236 2868 Aetionis
1272 2802 1329 2868 vel
1364 2823 1436 2868 non
1470 2803 1584 2869 multo

411 2906 663 2995 posterioribus
687 2907 911 2994 temporibus.

519 3018 573 3080 De
607 3012 675 3080 loci
699 3025 819 3082 autem
842 3014 967 3104 specie,
1002 3037 1110 3102 quam
1133 3015 1243 3082 stelae
1265 3014 1390 3103 pictae,
1425 3038 1516 3104 quae
1539 3017 1583 3084 ab

410 3120 699 3208 Arvanitopullos
727 3120 874 3209 Pagasis
901 3133 1061 3210 repertae
1088 3127 1207 3206 sunto,
1242 3132 1279 3188 et
1306 3124 1416 3189 stelae
1439 3122 1583 3190 orientis

411 3227 589 3312 Graeciae,
614 3229 657 3295 de
679 3228 806 3316 quibus
823 3229 863 3302 E.
881 3229 1015 3312 Pruhn)
1032 3227 1205 3314 disseruit,
1220 3231 1398 3316 praebent,
1422 3230 1491 3298 alio
1506 3231 1583 3297 loco

411 3334 588 3404 disseram.

521 3533 545 3619 ¹)
561 3537 609 3595 De
622 3538 722 3596 Marte
733 3545 765 3595 et
776 3538 853 3596 Ven.
869 3538 906 3597 cf.
918 3539 1012 3607 Mitti,
1026 3539 1161 3615 vestigia
1169 3541 1248 3597 delle
1258 3547 1354 3598 terme
1365 3540 1395 3597 di
1403 3540 1483 3609 Tito,
1499 3546 1519 3598 t.
1532 3537 1583 3607 25,

410 3629 521 3695 Pence,
556 3627 750 3702 Description
785 3627 839 3684 des
863 3627 952 3685 Baius
987 3629 1026 3685 de
1053 3628 1148 3696 Titus,
1181 3637 1201 3686 t.
1226 3628 1277 3696 23,
1311 3628 1417 3687 Codex
1438 3629 1583 3697 Escurial‚

410 3718 585 3790 herausgeg.
602 3737 629 3776 v.
647 3716 753 3791 Egger,
768 3736 798 3792 p.
814 3715 866 3785 70,
889 3717 951 3792 Fig.
967 3716 1019 3777 43.
1034 3749 1079 3760 -
1098 3717 1146 3775 De
1164 3718 1328 3794 Hippolyto
1346 3718 1383 3776 cf.
1398 3718 1480 3775 Mirri
1496 3726 1518 3776 t.
1531 3717 1582 3785 43,

411 3806 512 3862 Ponce
536 3812 556 3861 t.
580 3804 632 3873 42,
655 3806 810 3873 Thierseh‚
838 3805 1017 3864 Dissertatio
1042 3825 1103 3881 qua
1125 3809 1271 3883 probatur
1293 3815 1352 3864 etc.
1378 3806 1471 3876 1835,
1493 3807 1529 3864 Τ.
1553 3807 1582 3874 4,

411 3893 500 3956 Arch.
518 3893 593 3954 Zeit.
622 3893 714 3962 1883,
736 3895 773 3952 T.
797 3894 827 3964 7,
850 3894 879 3964 3,
902 3895 991 3953 Rom.
1014 3895 1091 3958 Mitt.
1112 3895 1206 3966 1901,
1228 3897 1256 3953 S.
1281 3894 1355 3965 225,
1377 3895 1500 3966 Robert,
1523 3895 1581 3953 Die

410 3989 471 4040 ant.
494 3983 768 4060 Sarkophagreliefs
791 3983 843 4053 111,
867 3985 895 4042 S.
915 3984 986 4044 177.

518 4071 544 4146 ²)
568 4071 696 4148 Ephem.
714 4075 802 4132 Arch.
823 4072 916 4143 1908,
938 4094 969 4149 ρ.
989 4073 1015 4143 1,
1039 4081 1057 4134 t
1079 4073 1172 4133 1-4.

518 4155 545 4243 3)
568 4162 670 4238 Jahrb.
685 4164 713 4226 d.
731 4163 801 4220 Inst.
821 4161 914 4231 1905,
937 4182 967 4239 p.
984 4162 1036 4223 47.
1063 4162 1134 4223 123.
