3800 5292
711 487 1044 594 ¹-as-

358 750 451 820 inter
480 750 573 818 hanc
600 747 774 836 picturam
809 755 845 814 et
872 757 1038 834 ectypum
1065 740 1284 830 Thespiense
1318 761 1339 804 a
1365 733 1525 804 Wintero

358 862 380 928 l.
395 861 415 927 l.
439 881 470 946 p.
488 863 540 942 99,
563 855 640 943 Fig.
661 861 700 922 18
725 855 900 922 collatum.
939 854 1070 922 Contra
1092 849 1325 918 dormientem
1344 846 1526 914 custodem

361 968 405 1034 ad
439 965 668 1050 archetypum
683 962 916 1029 ¹referendum
939 983 1025 1044 esse,
1059 983 1103 1026 ex
1126 979 1229 1046 opere
1251 953 1353 1022 fictili
1375 952 1527 1041 (Winter

360 1076 380 1141 l.
397 1075 419 1155 1.Ι
436 1072 511 1159 Fig.
532 1076 571 1138 16
596 1081 632 1138 et
658 1075 708 1150 17)
725 1068 900 1136 discimus.
937 1070 1055 1157 Atque
1071 1069 1167 1136 haud
1183 1069 1264 1153 scie,
1288 1091 1333 1136 an
1349 1068 1386 1135 iu
1403 1066 1527 1134 eodem

361 1183 477 1269 plano,
511 1177 548 1244 in
581 1199 651 1265 quo
675 1180 769 1244 Mars
793 1186 829 1243 et
851 1180 982 1260 Venus,
1015 1177 1205 1244 collocatus
1231 1177 1345 1245 luerit
1391 1175 1529 1243 Tamen

362 1289 450 1355 haec
473 1283 659 1373 incertiora
682 1294 775 1368 sunt,
799 1307 905 1373 quam
928 1307 1018 1371 quae
1041 1284 1224 1352 diiudicari
1247 1284 1392 1372 possint.

470 1392 629 1462 Similem
641 1390 708 1458 loci
720 1391 990 1480 descriptionem
1002 1391 1183 1460 maenadis
1195 1392 1400 1460 dormientis
1411 1391 1531 1478 imago

366 1505 410 1568 H.
444 1505 508 1567 566
546 1497 714 1582 ostendit,
752 1497 813 1565 ubi
855 1501 1002 1586 planum
1045 1499 1200 1567 anterius
1243 1521 1363 1566 rursus
1404 1498 1532 1586 liguris

366 1619 473 1691 caret,
512 1607 666 1695 reliquus
706 1616 824 1674 autem
855 1608 954 1674 locus
988 1607 1091 1692 saxis,
1125 1606 1260 1694 figuris,
1295 1606 1441 1694 rupibus
1476 1630 1533 1674 ex-

366 1725 521 1784 structus
549 1725 609 1781 est
657 1713 870 1800 Figuratum
896 1725 1016 1781 autem
1038 1736 1101 1801 pro
1125 1737 1206 1781 area
1227 1714 1439 1801 magnitudo
1462 1716 1534 1780 fere

367 1824 490 1890 eadem
521 1831 582 1905 est,
616 1831 721 1908 atque
756 1819 791 1886 in
823 1819 961 1907 pictura
984 1824 1029 1888 H.
1055 1826 1127 1888 323.
1174 1821 1325 1908 Figuras
1359 1844 1379 1887 e
1414 1822 1534 1888 tabula

368 1931 592 2017 depromptas
627 1951 703 1996 esse
736 1926 925 1995 verisimile
956 1938 1018 2012 est,
1053 1927 1153 1995 cuius
1177 1927 1276 2015 origo
1300 1927 1407 1996 aetati
1430 1929 1535 1994 helle-

368 2035 515 2106 nisticae
539 2035 725 2103 tribuenda
748 2045 808 2102 est.

476 2142 597 2226 Tertia
609 2142 746 2230 pictura
758 2145 801 2208 H.
815 2144 907 2230 152¹)
922 2143 960 2209 in
971 2145 1093 2211 eadem
1104 2165 1249 2227 camera,
1265 2166 1306 2210 ac
1316 2149 1379 2210 323
1393 2155 1429 2210 et
1444 2148 1536 2226 1401,

370 2262 507 2339 reperta
537 2252 581 2318 ab
604 2249 660 2316 his
682 2249 828 2337 picturis
853 2273 894 2316 eo
917 2249 1056 2319 diversa
1079 2261 1142 2336 est,
1172 2253 1266 2338 quod
1289 2253 1406 2318 locum
1429 2249 1538 2317 archi-

372 2357 594 2441 tectonicum,
628 2356 738 2424 muris
762 2368 797 2424 et
821 2359 951 2445 templo
976 2360 1143 2443 clausum,
1166 2358 1269 2425 nobis
1292 2357 1458 2441 ostendis
1479 2356 1538 2444 qui

372 2467 479 2549 locus,
514 2464 605 2532 sicut
632 2463 746 2548 ceteri,
781 2487 800 2532 e
833 2464 971 2552 pictura
997 2476 1203 2553 prospectus
1229 2467 1540 2554 praebenteortus

374 2596 450 2640 esse
487 2573 601 2639 debet.
658 2571 818 2641 Similem
859 2583 980 2640 autem
1022 2575 1151 2659 locum,
1190 2574 1250 2660 qui
1288 2573 1396 2640 etiam
1436 2593 1540 2639 verus

374 2689 578 2768 prospectus
606 2679 791 2748 habendus
821 2691 888 2764 est,
920 2679 1034 2767 paries
1072 2682 1167 2768 apud
1198 2684 1296 2765 Man,
1329 2679 1405 2747 Tar.
1432 2679 1541 2763 V11b,

375 2785 539 2870 ostendit,
562 2785 623 2854 nbi
640 2789 812 2874 templum
827 2790 1028 2873 rotundum,
1051 2788 1087 2855 in
1104 2811 1242 2855 recessu
1258 2801 1378 2856 autem
1400 2809 1542 2854 murum

377 2905 413 2961 et
435 2895 584 2962 alterurn
608 2897 777 2982 templum
803 2894 973 2964 videmus.
1018 2897 1089 2965 Sed
1113 2919 1194 2964 cum
1209 2896 1282 2963 illic
1296 2895 1434 2983 figurae
1448 2917 1543 2961 mere

377 3001 558 3070 omativae
582 3001 662 3086 sint,
696 3004 783 3070 haec
817 3003 954 3090 pictura
976 3005 1116 3071 fabulae
1139 3002 1369 3092 dispositione
1391 3003 1545 3090 megalo
1643 3014 1645 3017 ’

379 3107 527 3197 graphia
550 3109 686 3176 reddita
709 3121 772 3178 est.
820 3111 972 3197 Figuras
995 3121 1113 3178 autem
1137 3113 1182 3180 ad
1199 3112 1355 3179 tabulam
1372 3111 1545 3178 Graecam

279 3217 280 3221 ’
379 3216 467 3284 satis
485 3216 668 3303 antiquam
688 3217 803 3304 quarti
824 3218 954 3285 saeculi
977 3221 1177 3286 referendas
1192 3243 1277 3304 esse,
1301 3217 1546 3303 Furtwangler

380 3333 416 3390 et
437 3322 575 3392 Winter
605 3325 947 3410 demonstraverunt3
980 3325 1109 3414 quain
1133 3328 1255 3394 tabula
1277 3349 1336 3394 eas
1359 3324 1455 3392 omni
1479 3322 1546 3390 loci

381 3428 648 3498 continuatione
683 3431 834 3500 caruisse
868 3432 1057 3500 verisimile
1080 3445 1142 3501 est
1189 3438 1254 3500 Per
1280 3435 1397 3500 locum
1427 3441 1547 3499 autem

382 3539 578 3624 complures
590 3539 721 3625 gradus
737 3549 774 3606 et
787 3535 912 3607 altaria
924 3539 1094 3628 disposita
1109 3553 1205 3626 sunt3
1218 3540 1343 3608 altaria
1354 3539 1548 3607 secundum

382 3643 608 3712 altitudinem
630 3646 822 3714 horizontis
845 3646 959 3714 lineae
982 3671 1087 3734 super
1110 3649 1241 3734 gradus
1264 3647 1300 3714 in
1317 3650 1432 3713 fronte
1447 3645 1549 3712 collo-

384 3762 488 3836 catos
512 3750 548 3818 in
566 3752 694 3839 quibus
709 3754 842 3840 mulier,
859 3754 934 3824 sive
950 3757 1048 3828 Leda
1063 3756 1138 3823 sive
1153 3755 1324 3840 Nemesis,
1344 3765 1424 3837 stat
1447 3774 1550 3839 appa-

384 3869 470 3924 rent
495 3862 537 3926 In
553 3881 692 3927 recessu
708 3872 828 3928 autem
843 3886 864 3928 a
876 3861 1019 3929 sinistro
1035 3864 1144 3930 latere
1154 3884 1277 3929 murus
1292 3862 1368 3930 sive
1383 3860 1550 3929 solarium

384 3964 548 4053 (Helbig)
562 3967 679 4033 locum
696 3969 835 4053 claudit,
851 3991 957 4057 super
971 3992 1112 4036 murum
1126 3993 1230 4038 mons
1245 3969 1386 4046 eminet,
1401 3967 1502 4036 cuius
1513 3967 1550 4033 in

385 4071 516 4140 vertice
532 4073 649 4160 aquila
664 4073 802 4143 insidet
826 4075 920 4143 Tota
931 4078 1056 4144 dextra
1067 4100 1148 4165 pars
1161 4078 1293 4166 templo
1303 4078 1483 4165 praeclaro
1495 4077 1552 4142 ob-

387 4177 528 4263 tinetur,
552 4181 692 4248 arbores
708 4180 815 4249 etiam
830 4194 911 4270 post
927 4185 1099 4270 templum
1115 4187 1305 4253 collocatae
1320 4195 1412 4252 sunt
1450 4181 1553 4250 Tem-

381 4491 384 4498 Δ
452 4489 466 4497 ,Δ
500 4421 523 4498 ¹)
546 4421 672 4496 Helbig,
707 4421 794 4482 Atlas
810 4423 855 4493 NT.
881 4425 917 4496 V,
951 4426 1157 4511 Furtwin'glen
1184 4427 1357 4500 Sammluug
1388 4424 1555 4492 Sabouroff‚

389 4511 571 4585 Vaseneinl.,
594 4531 622 4588 p.
642 4513 691 4574 12.
737 4515 850 4574 Winter
873 4520 890 4574 l.
906 4521 925 4578 l.
1518 4549 1537 4565 ,.
