3800 5292
839 511 1058 578 ..40-

369 723 468 810 plum
485 721 540 790 cui
555 723 668 792 ordini
683 721 909 792 tribuendum
922 724 977 810 sit,
990 735 1151 792 accurate
1163 721 1313 812 perspici
1329 745 1401 791 non
1414 734 1540 811 potest

369 828 519 898 Videtur
535 841 654 898 autem
670 829 836 916 doricum,
859 832 1065 920 prostylum,
1089 832 1303 917 octastylum
1319 853 1402 899 esse.
1451 832 1541 898 Mira

369 946 488 1005 autem
526 949 581 1006 est
614 937 810 1024 amplitudo
843 938 982 1026 pronai,
1020 961 1101 1006 cum
1135 939 1321 1005 columnae
1355 936 1391 1004 in
1423 939 1540 1005 fronte

369 1043 563 1112 arctissime
597 1043 733 1132 positae
762 1045 841 1114 sint.
889 1047 982 1113 Illud
1011 1045 1105 1114 enim
1130 1067 1211 1112 eum
1235 1046 1367 1132 templo
1390 1045 1540 1116 Etrusco
1648 1051 1651 1056 ’

369 1150 444 1218 sive
461 1153 621 1219 Romano
642 1150 756 1219 simile
773 1152 827 1237 sit,
851 1155 918 1220 hoc
934 1155 979 1220 ab
994 1152 1055 1220 illo
1076 1152 1230 1220 alienum
1248 1163 1314 1236 est3
1338 1150 1541 1239 epistylium

369 1268 488 1326 autem
523 1257 649 1326 canoni
685 1259 820 1327 Graeco
855 1260 972 1348 magis
1006 1260 1202 1347 respondet.
1256 1263 1386 1329 Utrum
1420 1269 1540 1327 autem

369 1367 500 1454 gradus
535 1368 706 1453 templum
742 1366 962 1434 circumdent
998 1388 1121 1451 necne,
1157 1388 1238 1433 cum
1272 1365 1417 1434 inferior
1450 1389 1540 1456 pars,
1576 1351 1581 1361 ¹

368 1472 619 1560 neglegentius
666 1473 762 1562 picta
814 1473 873 1558 sit,
928 1473 1089 1562 intellegi
1137 1496 1210 1540 non
1261 1484 1386 1562 potest
1451 1475 1540 1541 Inde

369 1591 522 1668 apparet,
554 1569 728 1668 pictorum
752 1603 823 1648 non
848 1603 971 1650 verum
1007 1582 1179 1669 templum
1201 1579 1403 1665 reddidisse,
1434 1581 1540 1648 sede

367 1685 536 1755 memoria
559 1686 719 1775 pinxisse.
765 1691 861 1756 Anta
885 1688 1039 1756 anterior
1059 1688 1200 1756 videtur
1215 1687 1252 1755 in
1268 1710 1370 1754 muro
1386 1689 1539 1776 quodam

368 1805 473 1879 stare,
512 1794 571 1883 qui
611 1797 655 1862 ad
694 1797 877 1864 columnas
915 1795 1107 1863 anteriores
1145 1795 1255 1880 ducit,
1294 1818 1364 1883 quo
1401 1795 1457 1879 fit,
1495 1806 1538 1862 ut

368 1924 480 1989 paene
505 1901 541 1968 in
566 1902 671 1991 podio
695 1902 781 1972 satis
805 1905 877 1970 alto
901 1905 1070 1970 collocata
1093 1926 1170 1970 esse
1192 1903 1362 1971 videatur.
1402 1902 1540 1970 Colum·

368 2032 435 2077 nae
470 2021 590 2078 autem
625 2032 696 2077 non
731 2033 831 2078 muro
855 2011 916 2078 illo
939 2009 1118 2095 insistunt
1149 2011 1210 2077 sed
1234 2008 1325 2076 inira
1348 2010 1538 2098 productae

368 2126 460 2202 sunt,
477 2118 572 2184 unde
588 2129 741 2206 apparet,
756 2139 897 2185 murum
909 2117 1011 2184 illum
1022 2117 1115 2184 inter
1131 2118 1331 2184 columnam
1345 2127 1538 2183 extremam

369 2235 404 2292 et
420 2235 540 2292 antam
558 2226 767 2292 collocatum
783 2248 867 2293 esse.
892 2229 1017 2312 Itaque
1033 2223 1157 2292 debuit
1171 2223 1285 2311 pictor
1297 2222 1404 2292 etiam
1416 2235 1539 2292 antam

271 2365 273 2372 ·
368 2331 459 2399 inira
487 2354 628 2398 murum
656 2334 855 2419 producere,
890 2332 925 2399 id
957 2333 1051 2420 quod
1078 2331 1115 2398 in
1151 2330 1288 2418 pictura
1322 2330 1406 2398 huic
1433 2330 1538 2398 simili

368 2438 553 2527 (Sogliano
577 2441 654 2528 551)
671 2450 765 2508 recte
788 2442 998 2508 factumest
1038 2443 1115 2507 Iam
1132 2439 1324 2523 videamus
1347 2461 1434 2505 num
1451 2441 1538 2506 tales

367 2545 458 2613 muri
480 2545 679 2636 interpositi
690 2547 714 2633 ¹)
737 2546 774 2613 in
799 2569 881 2614 vcra
905 2546 1138 2615 architectura
1162 2544 1369 2614 exstiterint
1415 2545 1539 2614 Simile

368 2652 500 2741 aliquid
539 2665 658 2722 autem
695 2653 882 2741 parietaria
919 2653 1058 2741 pictura
1094 2653 1129 2720 in
1163 2652 1206 2719 iis
1243 2653 1354 2720 muris
1385 2658 1538 2741 praebet

368 2783 455 2848 quos
495 2763 587 2827 Mau
637 2764 905 2836 Wandschz'rme,
950 2766 1149 2829 Petersen
1186 2762 1420 2828 'Scherwdnde
1462 2784 1538 2827 esse

260 2863 262 2868 ’
367 2878 478 2956 putat
525 2871 749 2956 Quamquam
773 2880 892 2937 autem
915 2868 1018 2936 facile
1041 2867 1119 2935 fieri
1142 2867 1267 2955 potuit,
1291 2879 1332 2936 ut
1351 2867 1537 2958 intemplo

368 2978 523 3062 prostylo
563 2974 749 3044 intervalla
787 2976 880 3043 inter
913 2986 1016 3042 antas
1048 2988 1084 3044 et
1122 2974 1312 3043 exteriores
1356 2977 1538 3043 columnas

367 3082 477 3150 muris
517 3084 774 3166 clauderentur,
815 3093 933 3150 tamen
976 3084 1045 3151 hoc
1088 3105 1281 3170 numquam
1322 3082 1359 3149 in
1398 3081 1538 3170 templis

367 3189 469 3257 nobis
495 3188 647 3277 cognitis
679 3191 906 3258 observatum
935 3201 997 3257 est.
1045 3189 1160 3258 Pictor
1187 3200 1308 3257 autem
1334 3187 1442 3256 huius
1468 3188 1538 3277 pic·

368 3308 467 3364 turae
491 3296 618 3365 cotidie
641 3296 793 3385 parietes
817 3296 936 3364 videre
960 3308 1107 3384 poterat,
1141 3296 1201 3363 ubi
1226 3298 1314 3364 tales
1336 3295 1428 3362 muri
1451 3296 1536 3383 picti

368 3415 477 3489 erant,
511 3415 555 3489 et,
584 3427 663 3470 cum
688 3403 769 3470 talis
796 3402 888 3491 pilae
912 3415 948 3471 et
976 3406 1162 3472 columnae
1189 3402 1391 3470 coniunctio
1414 3401 1536 3489 templi

369 3513 478 3579 latere
515 3533 629 3599 paene
664 3513 708 3578 ad
744 3532 860 3578 aream
900 3509 1062 3579 ordinato
1100 3509 1278 3579 simillima
1317 3519 1409 3576 esset
1446 3507 1538 3597 parti

368 3617 511 3707 parietis
546 3617 690 3686 secundi
725 3617 807 3702 stili,
841 3617 942 3686 facile
970 3620 1145 3705 parietum
1177 3639 1281 3684 usum
1308 3618 1353 3684 ad
1380 3615 1537 3704 picturae

368 3724 637 3792 architecturam
672 3728 858 3792 transferre
892 3725 1019 3812 potuit.
1066 3726 1170 3810 Quod
1204 3735 1324 3791 autem
1353 3734 1437 3792 anta
1464 3747 1535 3790 non

368 3831 458 3900 inira
499 3853 640 3898 murum
680 3834 852 3918 producta
890 3843 958 3909 est,
996 3831 1158 3899 inscitiae
1194 3830 1338 3919 pictoris
1375 3832 1536 3900 tribuam.

305 4017 307 4028 A
368 3941 469 4008 Certe
493 3950 612 4008 autem
635 3938 759 4026 pictori
777 3944 938 4007 Romano
960 3951 1056 4008 totus
1084 3942 1190 4025 locus,
1213 3939 1250 4006 in
1274 3962 1380 4028 quem
1399 3937 1537 4026 figurae

368 4048 524 4114 Graecae
548 4048 688 4114 tabulae
712 4049 903 4115 translatae
927 4059 1019 4155 suut,
1045 4047 1254 4115 tribuendus
1278 4058 1339 4114 est

479 4231 499 4306 ¹)
520 4231 710 4300 Exstiterunt,
734 4234 788 4290 sed
804 4232 869 4290 aliis
885 4233 916 4289 in
932 4233 1017 4301 locis,
1031 4235 1088 4290 vel.
1104 4233 1134 4289 in
1150 4233 1263 4308 templo
1280 4230 1427 4288 Selinusio
1444 4231 1484 4297 F.‚
1500 4229 1537 4287 cf.

368 4321 532 4396 Koldewey
555 4340 584 4378 u.
608 4322 776 4391 Puchstein‚
798 4321 856 4378 Die
881 4321 1057 4395 griechisch.
1079 4321 1210 4396 Tempel
1232 4321 1261 4377 in
1286 4319 1484 4378 Unteritalien
1507 4338 1536 4378 u.

366 4410 495 4579 (Slizfplffip,
519 4429 548 4485 p.
569 4403 730 4478 118,162.
778 4410 883 4468 Priene
900 4430 929 4485 p.
949 4409 1021 4471 191.
1066 4411 1167 4486 Jahrb.
1184 4411 1213 4467 d.
1228 4409 1299 4467 lust.
1318 4407 1412 4476 1905,
1427 4429 1457 4484 p.
1476 4407 1537 4469 137
