3800 5292
887 460 1085 531 „3-

401 670 636 746 restituendas
658 679 826 766 praebere
847 699 919 747 non
943 690 1101 769 possunt
1147 683 1273 766 Itaque
1294 690 1433 767 praeter
1447 689 1573 770 ectypa

401 795 437 852 et
470 783 680 872 scriptorum
715 784 919 853 testimonia
943 786 1050 854 etiam
1074 785 1218 874 reliqua,
1252 810 1344 874 quae
1374 799 1572 874 supersunt,

401 890 558 960 subsidia
581 891 783 960 adhibenda
805 904 898 978 sunt,
921 893 941 961 i.
959 917 987 961 e.
1003 905 1040 962 ct
1062 896 1205 961 tabulae
1227 916 1443 962 marmoreae
1465 917 1573 983 supra

402 1010 696 1067 commemoratae
719 1010 755 1068 et
777 1022 933 1086 magnus
957 1023 1127 1068 numerus
1151 1002 1448 1090 apographorum,
1482 1023 1573 1089 quae

400 1103 437 1172 in
472 1104 666 1194 parietibus
701 1105 873 1175 Romanis
908 1119 945 1176 et
980 1107 1204 1195 Pompeianis
1237 1109 1382 1176 secundi
1415 1120 1451 1176 et
1478 1107 1573 1176 tertii

401 1210 472 1280 stili
497 1224 636 1282 servata
659 1224 751 1282 sunt

506 1337 666 1408 Tabulae
695 1350 815 1407 autem
842 1339 924 1407 illae
950 1343 1097 1427 paulum
1120 1363 1186 1408 nos
1215 1341 1396 1426 adiuvant,
1424 1364 1505 1408 cum
1528 1342 1572 1408 ad

400 1442 515 1531 quinti
558 1446 744 1535 quartique
785 1449 915 1516 saeculi
958 1447 1134 1534 picturam
1169 1447 1379 1534 pertineant
1440 1449 1574 1519 Earum

400 1563 520 1620 autem
564 1553 771 1641 compositio
814 1555 850 1623 in
894 1555 1031 1624 ratione
1073 1556 1259 1622 constabat
1301 1578 1370 1642 qua
1409 1554 1573 1642 singulae

400 1657 538 1746 figurae
576 1659 677 1728 iuxta
715 1665 1025 1749 componebantur.
1036 1662 1058 1751 ¹)
1119 1667 1185 1729 Pro
1224 1663 1292 1730 hoc
1329 1662 1503 1750 principio
1541 1662 1573 1729 ei

400 1777 556 1852 conatus,
594 1767 654 1854 qui
692 1769 876 1855 planitiem
915 1771 960 1837 ad
991 1769 1146 1859 spatium
1185 1768 1401 1856 amplificare
1438 1771 1573 1852 volunt,

399 1872 499 1959 parvi
534 1873 745 1942 aestimandi
780 1888 872 1944 sunt.
920 1876 1047 1946 Conati
1081 1888 1201 1944 autem
1232 1887 1317 1942 sunt
1343 1875 1470 1962 liguris
1493 1878 1574 1964 plus

398 1979 563 2050 minusve
596 1982 743 2050 adverse
777 1983 968 2071 pingendis
1002 2007 1075 2051 non
1110 2007 1131 2050 a
1165 1983 1243 2050 loco
1270 1981 1356 2069 ipso,
1391 1985 1452 2050 sed
1481 2007 1503 2049 a
1534 1982 1574 2048 fi-

400 2085 498 2174 guris
530 2089 685 2176 profecti.
734 2091 838 2175 Quod
874 2113 955 2158 curn
989 2089 1061 2157 iam
1095 2089 1132 2156 in
1170 2090 1330 2176 opobatae
1358 2091 1574 2155 anathemate

399 2203 436 2260 et
469 2192 505 2262 in
529 2197 683 2263 Pirithoo
716 2196 949 2281 inveniamus
985 2195 1250 2264 celeberrimum
1284 2197 1485 2283 exemplum
1519 2206 1574 2262 est

400 2300 577 2370 Pausiae
617 2304 712 2370 boum
751 2305 978 2391 immolatiu2)
1024 2306 1187 2388 Quocum
1219 2302 1490 2390 coniungendus
1520 2314 1574 2370 est

400 2410 519 2476 mulus
547 2409 583 2476 in
610 2411 730 2478 tabula
753 2409 864 2479 Sileni
887 2410 980 2494 lessi,
1014 2432 1226 2498 quamquam
1250 2413 1398 2497 paulurn
1421 2421 1574 2477 tantum-

400 2517 506 2584 modo
530 2518 699 2586 adversus
731 2516 847 2605 pictus
871 2530 932 2585 est.
979 2518 1345 2585 Animadvertendum
1368 2529 1487 2584 autem
1511 2528 1573 2599 est,

400 2623 464 2690 has
488 2623 748 2691 decurtationes
771 2647 843 2692 non
867 2624 918 2692 ita
940 2627 1052 2692 lactas
1075 2648 1160 2709 esse,
1191 2635 1232 2692 ut
1255 2623 1436 2691 ordinatae
1459 2622 1573 2690 lineae

400 2742 619 2814 concurrant,
643 2732 705 2798 sed
725 2733 920 2800 secundum
937 2731 1053 2818 ectypi
1068 2753 1202 2802 morem
1226 2730 1337 2797 lineas
1353 2731 1486 2816 angulo
1502 2731 1574 2796 lere

399 2846 495 2904 recto
530 2839 573 2904 ad
609 2837 767 2924 picturae
801 2861 919 2906 aream
955 2840 1142 2906 translatas
1165 2860 1249 2905 esse.
1295 2836 1419 2906 Simile
1442 2835 1574 2924 aliquid

399 2944 589 3030 Apellem
604 2943 768 3012 molitum
786 2969 862 3012 esse
879 2945 1086 3032 suspexeris
1103 2967 1183 3012 cum
1193 2946 1238 3012 de
1249 2943 1440 3012 Alexandri
1450 2944 1573 3030 Magni

399 3050 532 3116 fulmen
555 3050 709 3119 tenentis
733 3053 854 3120 tabula
870 3051 1040 3119 traditum
1056 3052 1103 3120 sit
1127 3051 1214 3120 Plin.
1232 3055 1275 3118 N.
1292 3055 1338 3117 H.
1355 3055 1503 3135 XXXV,
1517 3056 1573 3117 92:

401 3157 504 3243 digiti·
537 3160 686 3224 eminere
723 3161 884 3226 videntur
920 3167 956 3226 et
984 3161 1129 3246 fulmen
1167 3165 1264 3224 extra
1303 3159 1454 3223 tabulam
1494 3181 1572 3224 esse.

401 3261 657 3332 Continuatum
678 3276 797 3332 autem
818 3267 935 3333 locum
952 3267 996 3332 ab
1013 3266 1136 3352 Apelle
1153 3264 1289 3352 pictum
1304 3287 1380 3332 esse
1395 3263 1575 3334 Wickholl

398 3368 474 3436 iure
506 3371 666 3458 negavit3
702 3374 795 3460 quod
827 3372 905 3440 aliis
938 3373 1167 3440 confirmatur
1201 3394 1291 3458 quae
1323 3373 1368 3438 de
1396 3382 1470 3438 arte
1498 3369 1574 3438 eius

398 3475 542 3564 pictoris
559 3477 688 3546 tradita
704 3491 797 3564 sunt,
813 3479 965 3566 primum
982 3479 1077 3546 linea
1092 3478 1153 3546 illa
1172 3501 1235 3565 per
1252 3476 1460 3563 Protogenis
1476 3479 1574 3544 tabu-

400 3584 472 3650 lam
496 3585 602 3652 ducta
625 3585 725 3672 (Plin.
751 3588 770 3654 l.
790 3587 813 3652 l.
839 3587 904 3674 81),
928 3586 1056 3653 deinde
1079 3584 1135 3652 his
1160 3583 1264 3650 Plinii
1288 3583 1404 3650 verbis
1428 3585 1447 3649 l.
1472 3585 1492 3648 l.
1518 3588 1572 3649 80:

389 3692 474 3777 fuit
494 3698 607 3758 autem
632 3715 701 3758 non
725 3695 865 3760 mi'noris
887 3693 1117 3779 simplicitatis
1138 3715 1240 3778 quom
1254 3691 1351 3756 artis
1387 3691 1575 3754 Melanthio

400 3799 618 3884 dispositione
656 3801 802 3874 cedebat,
841 3801 1086 3885 Asclepiodoro
1124 3800 1164 3864 de
1202 3798 1388 3870 mensuris,
1428 3799 1489 3862 troc
1526 3802 1576 3861 est

398 3912 524 3991 quanto
562 3907 650 3992 quid
687 3930 709 3971 a
753 3929 882 3994 quoque
920 3907 1050 3972 distare
1088 3905 1227 3973 deberet.
1294 3902 1390 3969 Hinc
1428 3912 1574 3991 apparet

397 4013 557 4098 Apellem
581 4011 699 4100 ipsum
722 4011 773 4080 ita
796 4014 841 4079 de
863 4036 900 4080 se
923 4011 1097 4079 iudicasse
1120 4009 1382 4098 plurimumque
1406 4019 1442 4075 et
1458 4007 1573 4098 dispo

508 4247 532 4333 ¹)
556 4252 675 4311 Scaena
709 4252 799 4320 enim,
834 4269 913 4326 quae
948 4251 979 4307 iu
1010 4250 1130 4308 Niobae
1165 4250 1271 4307 tabula
1302 4249 1386 4325 pieta
1420 4255 1475 4316 est,
1511 4265 1571 4306 nou

395 4341 496 4397 locum
521 4339 622 4410 elficit,
646 4341 700 4398 sed
724 4341 891 4415 argumenti
915 4357 1008 4396 cansa
1031 4339 1135 4395 addita
1159 4347 1213 4396 est.

506 4423 532 4514 2)
556 4431 627 4487 uin.
644 4429 680 4486 u.
696 4429 734 4486 H.
750 4428 871 4496 xxxv,
899 4426 970 4487 126.
