3800 5292
800 517 1019 593 Β.35...

329 749 420 804 sunt.
467 737 538 808 Sed
567 737 674 806 etiam
702 738 778 827 ipsa
802 739 1010 828 compositio
1044 764 1065 807 a
1100 738 1229 807 tabulis
1264 737 1403 806 diversa
1435 748 1496 807 est

329 845 440 912 Ionis
461 844 557 912 enim
592 857 628 914 et
651 847 738 934 Argi
765 847 903 934 figurae
925 846 1042 934 magis
1066 846 1216 934 oblique,
1238 868 1344 934 quam
1367 845 1404 912 in
1428 845 1498 913 illis

328 949 405 1018 fieri
440 953 538 1038 solet,
574 954 762 1020 collocatae
797 966 889 1039 sunt,
925 953 1119 1021 Mercurius
1153 965 1273 1021 autem
1307 954 1448 1040 oblique
1479 975 1498 1020 e

328 1081 467 1126 recessu
502 1060 711 1147 aggreditur
745 1072 780 1128 et
814 1083 877 1148 pro
912 1060 1082 1128 distantia
1107 1059 1243 1128 minore
1266 1071 1402 1129 statura
1424 1063 1499 1128 red-

329 1165 424 1234 ditus
462 1177 528 1252 est,
568 1189 673 1255 quam
708 1190 777 1254 qua
811 1168 847 1235 in
884 1170 1004 1234 tabula
1039 1168 1175 1236 Graeca
1212 1169 1314 1257 pingi
1351 1179 1497 1256 poterat.

327 1273 482 1358 Accedit,
506 1275 598 1361 quod
628 1273 765 1361 figurae
792 1297 863 1341 non
888 1275 965 1343 sine
988 1298 1120 1363 magna
1143 1275 1273 1343 duritia
1296 1299 1359 1362 per
1381 1299 1498 1343 aream

328 1379 518 1468 dispositae
542 1392 634 1448 sunt
681 1386 775 1448 Nam
798 1383 952 1469 primum
976 1383 1128 1470 quidem,
1152 1405 1232 1448 cum
1257 1387 1296 1449 Io
1320 1394 1356 1450 et
1379 1384 1499 1470 Argus

329 1487 589 1576 copulationem
620 1489 893 1575 pulcherrimam
925 1489 1090 1556 omnibus
1117 1489 1220 1557 lineis
1243 1489 1335 1557 inter
1358 1513 1395 1558 se
1419 1514 1499 1557 con·
1527 1559 1531 1567 ,

329 1593 555 1661 cinnentibus
600 1594 769 1680 efficiant,
817 1596 981 1662 Mercurii
1024 1597 1141 1683 figura
1184 1599 1283 1664 nulla
1325 1597 1499 1664 linearum

328 1699 463 1768 ratione
498 1723 579 1768 cum
606 1701 650 1768 iis
685 1702 874 1770 coniuncta
909 1713 971 1787 est,
1005 1725 1120 1789 neque
1143 1727 1227 1770 vero
1249 1704 1498 1790 magnitudine

328 1809 481 1896 corporis
509 1819 649 1876 tantum
676 1811 771 1876 valet
795 1821 968 1897 quantum
991 1812 1117 1897 Argus.
1165 1812 1337 1878 Columna
1360 1834 1499 1899 quoque

328 1915 618 2002 compositionem
642 1917 769 2000 turbat,
794 1940 873 1983 cum
897 1939 1012 2004 neque
1036 1929 1195 1985 centrum
1219 1917 1375 2004 picturae
1390 1917 1499 2005 signi-

327 2021 411 2088 ficet
433 2045 548 2110 neque
564 2021 662 2090 Ionis
684 2023 839 2110 figuram
864 2023 1049 2091 concordia
1072 2025 1245 2095 linearum
1265 2027 1321 2091 vel
1343 2027 1498 2091 colorum

327 2129 528 2217 amplificet,
552 2132 614 2196 sed
637 2130 804 2197 acerrime
828 2131 903 2198 eius
919 2131 1136 2199 lineamenta
1150 2143 1315 2220 persecet
1344 2133 1498 2217 Accedit,

327 2237 430 2324 quod,
454 2237 483 2304 si
499 2238 624 2321 locum,
648 2259 717 2324 quo
735 2241 783 2322 Io,
808 2239 979 2322 columna,
1003 2261 1107 2327 rupes
1123 2240 1291 2305 collocata
1307 2250 1399 2323 sunt,
1418 2262 1497 2306 cum

326 2343 414 2430 Argi
434 2345 511 2410 loco
529 2342 749 2428 conferimus,
774 2346 958 2411 columnae
974 2347 1113 2411 nullum
1129 2344 1273 2412 omnino
1289 2345 1499 2432 relinquitur

327 2449 489 2536 spatium.
536 2453 637 2535 Quae
671 2449 790 2518 omnia
813 2453 949 2535 docent,
982 2453 1075 2518 hanc
1098 2474 1236 2539 quoque
1259 2452 1432 2538 picturam
1455 2451 1499 2518 iis

327 2559 628 2624 adnumerandam
653 2581 737 2642 esse,
761 2580 850 2644 quae
874 2581 893 2624 e
914 2557 1020 2644 topiis
1035 2560 1234 2625 fabularum
1250 2557 1499 2647 dispositiones

327 2664 542 2732 habentibus
566 2675 663 2732 ortae
686 2676 778 2731 sunt.

435 2775 560 2858 Imago
593 2783 721 2856 autem,
757 2772 906 2858 quaein
932 2771 1084 2839 triclinio
1113 2774 1257 2838 domus
1282 2773 1499 2840 Palatinae

327 2889 466 2945 servata
490 2884 581 2962 est1),
609 2877 716 2946 etiam
739 2879 886 2946 similior
909 2890 963 2946 est
985 2879 1132 2966 picturis
1154 2879 1394 2966 prospectiviS,
1418 2903 1499 2946 cum

327 2987 505 3052 humanae
544 2985 683 3072 figurae
721 2985 861 3053 additae
900 2986 1044 3052 omnino
1083 3009 1154 3053 non
1190 2986 1275 3069 sint;
1310 2989 1500 3073 respondet

327 3103 447 3160 autem
470 3092 609 3162 Studii
632 3091 779 3179 picturis
803 3095 902 3167 lucos,
927 3117 1066 3159 nemora
1087 3093 1444 3182 repraesentantibus.

435 3200 534 3265 Idem
557 3201 629 3265 fere
653 3211 903 3285 argumentum
927 3223 1043 3287 neque
1066 3211 1184 3266 tamen
1209 3199 1259 3266 ita
1283 3199 1422 3287 copiose
1445 3223 1499 3265 ac-

328 3316 491 3373 curatevc
523 3306 671 3394 pictum,
707 3328 920 3393 quamquam
947 3306 1087 3393 figurae
1110 3306 1252 3374 additae
1275 3317 1372 3390 sunt,
1408 3308 1499 3373 duae

328 3436 371 3478 ex
404 3411 447 3479 iis
482 3412 628 3500 picturis
662 3414 841 3499 praebent,
876 3436 966 3500 quae
1000 3413 1135 3480 medios
1169 3411 1320 3502 parietes
1355 3415 1499 3481 domus

328 3519 581 3587 Farnesinae
605 3532 740 3588 ornant
787 3521 847 3608 (M.
873 3523 904 3587 d.
929 3525 956 3586 I.
979 3526 1061 3607 XII,
1086 3534 1109 3591 t.
1127 3528 1178 3590 23.
1195 3524 1261 3610 24.)

433 3627 563 3694 Contra
587 3650 657 3712 eae,
681 3650 830 3716 quarum
854 3631 964 3696 altera
987 3629 1294 3717 sacrificantes,
1329 3634 1389 3720 (M.
1414 3633 1445 3697 d.
1470 3634 1497 3698 Ι.

327 3737 408 3818 XII,
432 3745 454 3800 t.
472 3738 501 3818 6,
521 3736 551 3818 1)
575 3735 685 3801 altera
701 3737 888 3824 Nymphas
905 3738 1084 3804 Bacchum
1107 3736 1280 3804 infantem
1300 3738 1499 3806 nutrientes

327 3844 384 3921 (M.
401 3843 432 3906 d.
450 3843 475 3906 I.
492 3844 573 3925 XII,
598 3851 620 3907 t.
642 3847 688 3908 18.
707 3843 763 3930 20)
780 3842 945 3922 ostendit,
972 3867 1052 3910 cum
1067 3843 1214 3931 picturis
1230 3845 1355 3912 tablini
1372 3847 1498 3912 domus

328 3945 508 4013 Palatinae
543 3950 808 4034 componendae
842 3961 935 4016 sunt.
982 3953 1207 4038 Quamquam
1241 3951 1337 4018 enim
1359 3951 1499 4038 figurae

328 4076 391 4140 pro
414 4052 571 4153 picturae
596 4077 676 4120 area
699 4055 806 4122 etiam
829 4056 980 4124 maiores
1002 4060 1117 4126 factae
1140 4069 1233 4143 sunt,
1257 4069 1376 4125 tamen
1400 4060 1498 4125 locus

326 4181 397 4224 non
423 4170 496 4225 tam
513 4159 664 4246 exiguus
681 4171 743 4245 est,
767 4185 872 4248 quam
890 4163 926 4229 in
944 4163 1041 4232 Ionis
1056 4164 1201 4252 pictura,
1224 4165 1363 4252 figurae
1379 4175 1499 4231 autem

438 4375 462 4465 ¹)
485 4382 567 4456 Mau,
593 4382 778 4441 Geschichte
794 4384 830 4441 T.
847 4383 897 4452 IX,
914 4385 1008 4442 Rom.
1024 4386 1100 4442 Mitt.
1120 4383 1213 4452 1902,
1229 4404 1259 4461 p.
1277 4385 1353 4456 213,
1369 4385 1430 4462 Fig.
1449 4384 1499 4445 ll.
