3800 5292
856 485 1077 554 ..14...

374 694 454 766 culo
488 691 696 767 tribuendae
734 705 859 782 sunr1)
916 703 1008 768 Area
1042 713 1162 769 autem
1195 700 1322 790 liguris
1360 726 1472 772 vacua
1509 704 1546 771 in

374 803 550 894 plerisque
589 805 720 874 tabulis
755 807 921 895 vigoroso
960 810 1075 876 colore
1113 811 1273 877 caeruleo
1310 812 1452 900 expleta
1485 823 1547 895 est,

374 935 487 1000 quem,
511 936 726 1002 quamquam
750 913 858 982 etiam
875 916 919 982 de
937 915 1072 1003 pariete
1088 915 1241 983 cubiculi
1258 915 1406 1004 cogitari
1422 929 1547 1006 potest,

373 1030 493 1088 tamen
533 1023 670 1089 caelum
709 1020 911 1110 significare
949 1023 1140 1090 verisimile
1177 1035 1240 1091 est
1276 1064 1318 1073 -
1356 1027 1445 1109 XII,
1474 1030 1543 1109 29,1

373 1128 497 1196 dextra
533 1151 634 1197 areae
662 1152 743 1216 pars
771 1131 876 1215 clara,
911 1127 1054 1198 sinistra
1076 1132 1175 1197 lusca
1198 1141 1253 1197 est
1285 1129 1406 1218 itaque
1433 1130 1548 1220 paries

373 1233 612 1322 significatur,
654 1259 736 1326 pars
779 1247 898 1304 autem
943 1238 1115 1321 caerulea,
1164 1259 1254 1325 quae
1303 1260 1399 1305 nunc
1447 1237 1547 1325 quasi

370 1344 512 1409 macula
545 1341 582 1410 iu
619 1342 762 1411 sinistra
797 1342 940 1430 parietis
963 1355 1064 1431 parte
1087 1342 1310 1430 conspicitur,
1345 1345 1441 1411 haud
1466 1344 1547 1429 scio,

372 1471 417 1515 an
457 1451 611 1517 fenestra
649 1449 762 1517 luerit.
803 1490 844 1499 —
884 1453 970 1534 XII,
1006 1456 1076 1535 30,1
1115 1475 1137 1517 a
1170 1449 1313 1518 sinistra
1341 1462 1442 1538 parte
1475 1451 1546 1540 pila

371 1556 465 1642 picta
494 1568 555 1640 est,
592 1558 710 1624 velum
744 1555 822 1622 cani
859 1557 984 1624 coloris
1019 1556 1189 1644 sequitur,
1224 1557 1358 1645 reliqua
1388 1560 1547 1625 caerulea

371 1673 467 1746 sunt3
510 1668 583 1747 31,2
622 1685 731 1752 prope
769 1661 952 1730 sinistrum
989 1664 1188 1751 marginem
1221 1662 1294 1752 pila
1325 1663 1547 1752 conspicitur,

372 1791 435 1857 per
456 1767 627 1857 reliquam
648 1792 766 1838 aream
782 1771 901 1838 velum
918 1769 1043 1837 coloris
1066 1758 1120 1836 ex*
1133 1771 1238 1842 rubro
1254 1770 1343 1837 fusci
1359 1781 1546 1838 extensum

370 1888 436 1960 est;
471 1879 565 1964 quod
599 1899 669 1964 qua
700 1879 864 1943 lacunam
899 1877 1008 1943 habet
1042 1879 1222 1944 caeruleus
1259 1879 1354 1944 color
1388 1890 1545 1965 apparet3

370 1988 439 2068 32,1
469 1994 544 2051 tota
567 2006 647 2050 area
671 1985 829 2051 caerulea
859 1994 921 2067 est,
945 2007 967 2050 a
992 1982 1134 2050 sinistra
1160 1995 1280 2074 autem
1308 1995 1344 2052 et
1370 2009 1391 2051 a
1422 1987 1545 2052 dextra

368 2101 468 2177 parte
490 2089 562 2177 pila
585 2091 666 2158 alba
689 2090 828 2157 eminet

475 2215 551 2286 Eae
573 2215 739 2302 picturae,
773 2238 863 2302 quae
887 2216 967 2282 vela
990 2218 1192 2299 ostendunt,
1227 2215 1399 2303 imprimis
1423 2228 1543 2283 autem

368 2344 440 2389 una
457 2321 525 2407 illa,
543 2345 633 2410 quae
645 2324 835 2389 fenestram
848 2323 1001 2407 praebet,
1018 2323 1142 2389 docere
1154 2322 1328 2408 videntur,
1345 2325 1543 2391 caeruleum

368 2430 520 2497 colorem
553 2451 617 2516 pro
652 2430 748 2496 caelo
783 2429 988 2495 habendum
1023 2451 1111 2512 esse,
1147 2440 1266 2496 tamen
1302 2431 1438 2496 caelum
1470 2453 1542 2496 non

366 2537 457 2603 bene
491 2535 617 2603 lictum
651 2546 713 2620 est,
748 2557 828 2600 cunr
864 2535 931 2602 loci
964 2534 1236 2623 amplitudinem
1269 2560 1313 2602 ex
1346 2537 1411 2603 soli
1444 2539 1542 2602 lusco

369 2645 483 2710 colore
506 2642 713 2728 intellegere
735 2641 920 2728 possimus,
944 2644 1059 2708 solum
1083 2654 1202 2710 autem
1225 2665 1394 2709 unacum
1415 2642 1541 2729 liguris

368 2749 515 2816 desinat
562 2750 667 2834 Quod
690 2747 767 2814 fieri
790 2759 918 2835 posset,
953 2748 983 2814 si
1007 2749 1099 2815 oculi
1124 2749 1269 2834 signum
1292 2749 1329 2815 in
1353 2749 1541 2816 altitudine

369 2857 434 2924 soli
458 2853 653 2923 desinentis
676 2854 786 2921 situm
809 2865 910 2938 esset,
935 2866 1057 2922 contra
1080 2854 1138 2921 hic
1153 2855 1280 2942 figuris
1296 2857 1430 2942 angulo
1446 2866 1541 2921 recto

366 2965 411 3030 ad
439 2984 556 3030 aream
592 2961 773 3028 translatis
802 2982 906 3027 omne
941 2963 1124 3026 oculorum
1147 2961 1291 3048 signum
1316 2964 1423 3028 deest.
1470 2963 1540 3031 Sed

365 3072 513 3138 fortasse
554 3067 656 3134 fundi
697 3068 792 3134 color
829 3065 919 3133 nihil
963 3066 1059 3133 aliud
1098 3078 1167 3151 est,
1210 3088 1316 3154 quam
1360 3070 1540 3134 caeruleus

365 3176 424 3242 ille
463 3177 564 3259 color,
600 3173 660 3261 qui
696 3175 890 3240 multorum
925 3183 1131 3260 ectyporum
1165 3174 1315 3239 lundum
1343 3174 1540 3260 explevisse

364 3281 512 3350 videtur.

380 3398 382 3402 ’
471 3391 566 3456 Utut
593 3397 712 3454 autem
746 3408 801 3453 res
836 3408 873 3452 se
907 3386 1024 3469 habet,
1053 3387 1163 3453 altera
1196 3408 1277 3473 pars
1312 3387 1438 3452 harum
1469 3387 1539 3473 pic-

365 3505 533 3578 turarum,
558 3515 639 3559 curn
665 3493 805 3559 clausus
829 3490 876 3559 sit
890 3493 997 3576 locus,
1021 3491 1325 3558 continuationem
1340 3491 1407 3556 loci
1424 3503 1539 3559 osten-

363 3601 424 3686 dit,
448 3602 558 3667 altera
582 3597 840 3667 continuationi
864 3597 1131 3685 appropinquat,
1163 3619 1244 3663 cum
1267 3619 1347 3662 area
1371 3620 1442 3664 non
1466 3598 1537 3664 iam

363 3708 463 3796 quasi
487 3707 643 3774 incertus
666 3709 806 3794 fundus
831 3712 892 3778 sed
916 3729 980 3795 pro
1004 3707 1100 3772 caelo
1123 3707 1287 3774 habenda
1309 3706 1380 3773 sit'
1403 3707 1536 3772 Omnes

362 3827 492 3899 autem,
527 3816 621 3902 quod
656 3817 701 3882 ad
736 3815 804 3882 loci
839 3813 1110 3902 amplitudinem
1138 3813 1280 3896 attinet,
1315 3834 1393 3878 cum
1430 3833 1536 3896 supra

362 3920 547 4009 descriptis
571 3921 805 3990 consentiunt

470 4192 495 4278 1)
519 4195 665 4272 Exempla
689 4195 790 4253 eidem
813 4195 877 4252 lere
901 4191 995 4249 aetati
1018 4190 1178 4249 tribuenda
1201 4195 1311 4255 essent,
1346 4206 1438 4262 quam
1461 4203 1534 4260 apo-

360 4288 487 4364 grapha,
522 4287 547 4344 si
582 4304 620 4342 ex
642 4283 836 4342 Menaechmi
871 4289 902 4337 et
925 4281 1035 4336 Soidae
1058 4279 1158 4335 Diana
1186 4277 1216 4333 in
1239 4296 1299 4334 uno
1323 4293 1427 4333 eorum
1451 4275 1535 4348 picta

361 4375 548 4456 (Studnicksu
583 4375 670 4432 Rom.
694 4373 770 4430 Mitt.
793 4371 845 4439 ΙΙΙ,
884 4367 977 4435 1888,
1004 4387 1033 4442 p.
1054 4360 1133 4446 292)
1168 4367 1246 4422 hanc
1270 4371 1403 4421 aetatem
1427 4380 1532 4420 eruere

360 4483 550 4535 conaremur,
573 4465 603 4520 id
627 4462 709 4538 quod
733 4469 835 4516 tamen
859 4456 1001 4514 incertius
1025 4463 1079 4516 est.
