3800 5292
829 539 1049 600 ..21-

359 757 422 814 aut
458 745 639 815 montibus
683 759 745 816 aut
787 745 957 815 aedificiis
999 746 1181 816 clauditur.
1243 748 1313 833 Qui
1356 750 1454 816 locus
1492 747 1528 816 in

358 853 505 941 picturis
537 853 865 922 Boscorealensibus
904 853 1012 922 etiam
1050 854 1236 942 angustior
1273 865 1335 940 est,
1352 878 1440 942 cum
1475 878 1530 922 res

358 959 509 1028 maiores
542 960 658 1048 pictae
696 959 782 1040 sint3
822 963 884 1029 sed
920 961 958 1028 in
997 984 1136 1029 summa
1172 984 1260 1049 rupe
1296 961 1390 1029 horti
1428 973 1530 1051 porta

333 1067 475 1154 *magis
513 1067 757 1157 amplificatur.
820 1069 996 1137 Omnibus
1034 1079 1155 1136 autem
1193 1067 1345 1136 cubiculi
1382 1067 1530 1156 picturis

360 1174 561 1243 communia
594 1184 679 1242 sunt
713 1185 750 1242 et
783 1175 981 1263 amplitudo
1003 1175 1079 1260 loci,
1114 1197 1205 1263 quae
1226 1178 1332 1263 plane
1355 1199 1377 1242 a
1400 1176 1530 1243 tabulis

360 1281 504 1350 Graecis
528 1281 643 1350 aliena
662 1293 724 1367 est,
748 1293 784 1350 et
806 1285 988 1350 oculorum
1004 1282 1149 1369 signum
1164 1293 1299 1349 certum
1315 1293 1421 1369 atque
1444 1283 1530 1350 satis

353 1390 499 1486 elatum.
546 1393 679 1477 Itaque,
703 1411 916 1478 quamquam
931 1412 1086 1477 magnae
1101 1389 1323 1457 diversitates
1339 1399 1425 1458 sunt
1439 1389 1531 1458 inter

359 1497 424 1562 has
454 1496 610 1582 picturas
640 1507 676 1564 et
706 1496 805 1584 topia
829 1495 1011 1581 Vaticana,
1042 1508 1169 1582 tamen,
1201 1497 1230 1563 si
1258 1498 1397 1564 tabulas
1424 1497 1531 1564 Grae-

360 1625 419 1670 cas
453 1603 674 1688 conferimus,
708 1625 821 1671 unum
849 1625 964 1691 genus
998 1603 1162 1691 idemque
1193 1605 1237 1670 ab
1264 1603 1334 1671 illis
1354 1606 1460 1692 plane
1482 1604 1532 1670 di-

360 1731 502 1777 versum
525 1733 602 1777 esse
624 1709 851 1798 intellegitur.
1031 1699 1034 1703 ⁴

465 1815 583 1884 Aliam
606 1839 746 1905 quoque
769 1816 1008 1884 differentiam
1031 1818 1147 1884 adhuc
1170 1815 1366 1902 omisimus3
1402 1819 1532 1885 desunt

360 1922 507 2012 picturis
531 1912 859 1991 Boscorealensibus
879 1925 1087 2009 fabularum
1110 1926 1359 2012 explicationes.
1407 1927 1531 2011 Itaque

361 2032 601 2118 quaerendum
635 2041 697 2116 est,
733 2042 769 2098 et
797 2030 910 2118 qualis
945 2052 1060 2098 nexus
1094 2032 1159 2098 has
1192 2029 1348 2117 picturas
1375 2029 1467 2098 inter
1494 2053 1532 2097 se

360 2135 557 2225 coniungat
579 2147 616 2204 et
638 2139 813 2225 quomodo
837 2138 904 2205 hoc
928 2160 1043 2224 genus
1067 2149 1184 2205 ortum
1204 2137 1259 2205 sit
1306 2141 1531 2225 Responsum

360 2245 422 2311 dat
444 2242 638 2329 Vitruvius,
663 2266 745 2311 cum
768 2267 840 2312 non
865 2245 1014 2313 dubium
1037 2268 1113 2313 esse
1128 2245 1249 2334 possit,
1272 2243 1357 2332 quin
1373 2243 1532 2332 picturae

360 2349 553 2420 Vaticanae
576 2349 620 2418 iis
643 2352 928 2420 adnumerandae
952 2353 1033 2435 sint,
1056 2373 1205 2439 quarum
1220 2351 1426 2418 memoriam
1441 2351 1531 2441 i11e1)

361 2457 523 2543 servavit,
551 2460 637 2525 dum
663 2459 974 2547 megalographias
1001 2461 1157 2526 habentes
1185 2461 1322 2524 dearum
1344 2460 1533 2524 sa’rnulacra

359 2589 420 2633 seu
444 2567 641 2642 fabularum
665 2567 842 2653 dispositas
865 2568 1119 2654 explicationes,
1147 2589 1218 2632 non
1241 2567 1355 2631 manus
1378 2567 1533 2632 troianas

354 2681 496 2760 pugnas
528 2696 589 2740 seu
620 2674 736 2742 Ulixis
770 2675 956 2740 errationes
982 2683 1050 2760 per
1082 2675 1172 2761 topia
1199 2695 1272 2740 non
1304 2673 1419 2740 solum
1442 2694 1532 2740 com-

360 2791 540 2865 memorat,
575 2781 637 2848 sed
660 2779 777 2864 etiam,
812 2781 907 2848 unde
930 2790 1028 2848 ortae
1050 2778 1131 2864 sint,
1154 2779 1318 2847 ostendit

469 2888 654 2962 Habemus
677 2887 772 2974 apud
795 2885 896 2954 illum
913 2887 1004 2976 (VII,
1021 2892 1051 2971 5,
1070 2887 1201 2974 1-3)2)
1216 2887 1360 2954 brevem
1374 2885 1533 2974 picturae

360 2993 568 3082 parietariae
601 2993 801 3074 historiam,
837 3017 927 3082 quae
965 2993 1002 3060 in
1038 2994 1235 3080 complures
1268 3003 1386 3080 partes
1421 2992 1532 3062 dividi

360 3105 486 3189 potest,
521 3123 670 3189 quarum
697 3100 811 3188 prima
834 3100 948 3188 primo
972 3099 1062 3185 stilo,
1097 3099 1251 3187 reliquae
1274 3101 1429 3168 secundo
1452 3099 1533 3168 stilo

361 3209 583 3295 respondent
631 3207 740 3277 Cuius
763 3207 1013 3275 discernuntur
1035 3227 1167 3294 genera
1190 3207 1257 3274 tria
1280 3208 1314 3296 (ᾗ
1338 3207 1386 3293 2):
1415 3213 1533 3295 pastea

362 3317 510 3404 ingressi
527 3321 613 3382 sunt

467 3447 511 3508 ut
541 3443 645 3508 etiam
679 3441 910 3529 artificiorum
932 3442 1089 3528 figuras,
1125 3442 1362 3507 columnarum
1385 3442 1533 3527 etfasti·

286 3589 289 3596 ·
357 3549 497 3636 giorum
520 3549 708 3616 eminentes
725 3549 935 3631 proiecturas
959 3549 1191 3623 imitarentur,

463 3675 664 3762 patentibus
697 3679 811 3741 autem
850 3675 932 3741 lacis
969 3675 1027 3740 uti
1059 3675 1220 3740 exhedris
1245 3678 1387 3760 propter
1411 3673 1541 3759 ampli-v

363 3782 501 3849 tudines
518 3783 690 3870 parietum
713 3804 914 3848 scaenarum
925 3783 1066 3870 frontes
1085 3782 1215 3868 tragica
1230 3803 1322 3847 marc
1337 3785 1401 3846 aut
1414 3780 1534 3846 comico

362 3912 422 3956 seu
443 3889 588 3976 satyrico
612 3889 840 3978 designarent,

473 4122 498 4208 ¹)
521 4127 571 4187 De
595 4131 676 4188 arch.
691 4128 757 4198 VII,
780 4127 831 4199 5‚2
855 4125 919 4212 (ed.
935 4123 1041 4210 Rose).

472 4234 498 4312 ²)
519 4235 568 4293 De
590 4235 716 4294 Vitruvii
740 4237 886 4312 Pliniique
921 4237 997 4295 locis
1025 4235 1279 4301 commemoratis,
1314 4233 1535 4304 1111111111,

245 4362 248 4366 v
363 4323 481 4384 Lettrer
505 4320 577 4382 d'un
601 4325 801 4402 antiquitaire‚
824 4323 979 4401 125311,
1002 4325 1123 4401 Helbig‚
1145 4325 1252 4382 Rhein.
1274 4323 1415 4382 Murcum
1441 4322 1535 4392 1870,

363 4433 393 4489 p.
409 4413 484 4484 393,
506 4413 628 4490 Herig,
651 4414 931 4490 Untersuchungem
954 4435 985 4491 p.
1003 4413 1054 4484 62,
1071 4413 1144 4482 217,
1167 4414 1360 4481 Woermann‚
1382 4413 1420 4470 D.
1435 4411 1535 4470 Land-

364 4501 462 4562 schaft
483 4503 503 4562 i.
519 4503 547 4561 d.
559 4503 658 4563 Kunst
673 4505 700 4566 d
717 4506 767 4564 alt
782 4503 909 4574 leker‚
931 4523 962 4582 p.
978 4501 1088 4577 22111,
1103 4502 1187 4572 Mau,
1202 4501 1398 4572 Geschichte‚
1413 4521 1443 4578 p.
1461 4500 1535 4563 246.
