3800 5292
837 539 1056 602 ..32-

472 746 625 833 Accedit,
647 749 741 836 quod
757 770 879 816 omnes
895 750 963 817 hae
978 748 1136 838 picturae
1151 749 1218 820 loci
1236 750 1538 821 continuationem

367 857 560 922 ostendunt
601 855 645 922 iis
688 856 856 943 exceptiS,
895 880 986 945 quae
1028 855 1172 945 zophori
1209 861 1359 926 formam
1396 861 1538 946 habent,

366 984 581 1051 quamquam
603 986 665 1030 eae
689 985 828 1052 quoque
851 963 996 1049 ratione,
1023 987 1092 1053 qua
1115 963 1254 1053 figurae
1276 965 1313 1032 in
1336 967 1413 1034 loco
1437 969 1538 1034 collo

367 1081 466 1137 eatae
490 1080 582 1154 sunt,
614 1093 694 1137 cum
724 1070 868 1160 reliquis
892 1071 1127 1139 consentiunt
1174 1076 1299 1161 Itaque
1325 1074 1393 1140 hoc
1424 1095 1538 1161 genus

367 1177 468 1264 quasi
500 1179 633 1245 flumen
669 1179 935 1246 subterraneum
964 1181 1202 1266 permanebat,
1236 1179 1388 1268 vestigia
1419 1191 1538 1248 autem

366 1285 422 1352 vel
444 1283 480 1350 in
497 1283 549 1368 iis,
570 1307 661 1372 quae
677 1297 887 1372 argumenta
903 1287 1040 1354 Graeca
1055 1288 1235 1375 praebent,
1251 1286 1398 1375 picturis
1415 1281 1555 1375 postea

366 1391 597 1458 inveniemus,
643 1390 1010 1459 Animadvertendum
1038 1404 1092 1461 est
1119 1393 1167 1482 (id
1195 1394 1289 1480 quod
1313 1392 1349 1460 in
1374 1393 1538 1461 omnibus

366 1501 438 1566 fere
461 1500 565 1566 rebus
588 1500 721 1565 factum
746 1521 822 1565 esse
837 1499 1021 1588 videmus),
1044 1499 1081 1566 id
1100 1499 1226 1588 ipsum,
1250 1501 1342 1587 quod
1358 1501 1538 1590 proprium
1630 1548 1634 1557 ,

367 1616 442 1672 erat
471 1609 712 1672 Romanorum
740 1604 895 1692 ingenio,
924 1606 1135 1674 auctoritate
1162 1606 1298 1674 Graeca
1333 1629 1537 1695 oppressum

367 1734 443 1779 esse
470 1712 529 1796 ita,
565 1723 605 1778 ut
639 1734 710 1779 non
746 1711 814 1779 nisi
843 1713 943 1800 quasi
979 1715 1045 1780 sub
1080 1724 1173 1780 terra
1206 1713 1389 1781 conditum
1419 1713 1539 1782 vivere

367 1831 494 1907 posset
520 1859 561 1869 —-
1045 1841 1050 1850 ·

474 1927 545 1994 Sed
584 1948 665 1992 cum
703 1919 852 1992 dubium
890 1948 967 1994 esse
1005 1948 1077 1993 non
1115 1925 1236 2013 possit,
1275 1926 1361 2016 quin
1400 1927 1539 2015 figurae

368 2034 533 2117 Graecae,
561 2034 654 2122 quod
679 2033 723 2100 ad
747 2044 858 2100 artem
881 2032 1019 2118 attinet,
1042 2032 1202 2100 meliores
1227 2056 1333 2121 quam
1357 2038 1539 2101 Romanae

367 2140 449 2208 illae
464 2139 603 2224 luerint,
619 2139 784 2207 facillime
799 2139 876 2206 fieri
891 2139 1018 2227 potuit,
1033 2151 1074 2208 ut
1090 2140 1226 2208 Graeca
1242 2143 1403 2229 exempla
1418 2163 1537 2217 eorum

367 2251 484 2315 locum
501 2247 708 2314 obtinerent.
756 2247 887 2314 Contra
903 2245 1123 2314 continuatio
1144 2247 1211 2314 loci
1235 2249 1278 2315 ab
1294 2248 1539 2316 inventoribus

368 2353 574 2442 parietariae
601 2353 759 2441 picturae
786 2353 931 2420 inducta
963 2356 1071 2441 longe
1099 2355 1288 2441 superabat
1320 2377 1398 2422 eam
1433 2377 1539 2443 quam

368 2462 509 2529 tabulae
530 2461 686 2528 Graecae
709 2472 890 2528 assecutae
914 2471 1022 2528 erant.
1069 2464 1195 2548 Itaque
1216 2460 1371 2528 maxime
1393 2461 1539 2528 interest

367 2569 586 2658 perscrutari,
622 2569 797 2656 quomodo
834 2567 973 2656 pictura
1005 2567 1193 2655 parietaria
1223 2590 1304 2636 cum
1339 2569 1539 2636 tabularum

369 2678 583 2746 Graecarum
618 2686 692 2742 arte
728 2674 950 2760 confluxerit,
986 2677 1164 2742 confluere
1199 2687 1319 2743 autem
1353 2685 1539 2762 utramque

290 2793 292 2797 '
368 2806 457 2871 opus
481 2795 556 2851 erat
578 2807 619 2850 eo
643 2794 775 2872 puncto
792 2781 968 2872 temporis,
992 2805 1062 2870 quo
1078 2782 1298 2870 argumentis
1321 2781 1539 2849 tabularibus

368 2890 497 2958 additis
532 2913 552 2957 e
584 2889 814 2978 prospectivis
837 2889 984 2978 picturis
1006 2889 1181 2978 imagines
1203 2892 1317 2957 factae
1339 2899 1432 2973 sunt,
1455 2886 1539 2955 ima-

369 2998 490 3084 ginem
514 3009 633 3065 autem
656 2996 743 3082 dicO,
768 2998 862 3086 quod
886 2996 1096 3065 Germanice
1120 2998 1203 3062 Bild
1221 2997 1448 3085 appellamus

475 3104 638 3174 Vidimus
673 3103 782 3190 enim,
816 3103 972 3192 picturas
1005 3105 1130 3172 domus
1165 3102 1462 3190 epigrammatum
1497 3124 1538 3167 eo

368 3215 412 3279 ab
444 3213 561 3280 Ulixis
595 3213 825 3279 arationibus
847 3211 996 3296 differre,
1031 3212 1125 3298 quod
1147 3233 1219 3277 non
1247 3210 1318 3276 iam
1342 3207 1447 3297 topia,
1477 3210 1538 3275 sed

368 3319 506 3406 figurae
544 3340 683 3386 summa
724 3317 883 3406 picturae
921 3329 1013 3386 sunt
1075 3319 1142 3389 Est
1178 3315 1360 3405 proximus
1398 3317 1538 3403 gradus,

369 3425 429 3512 qui
468 3426 626 3514 sequitur
664 3448 758 3512 eum,
798 3448 902 3513 quem
945 3448 990 3492 ex
1031 3423 1258 3512 scriptoribus
1297 3422 1538 3510 cognovimus,

368 3555 605 3621 progressum.
666 3532 860 3621 Topiorum
899 3533 995 3600 enim
1031 3532 1169 3620 pictura
1210 3541 1435 3620 prospectum
1477 3551 1540 3618 per

369 3642 559 3709 fenestram
586 3640 724 3728 fingere
752 3651 878 3708 conata
906 3651 967 3708 est
1015 3640 1140 3725 Quoad
1173 3649 1293 3706 autem
1326 3637 1465 3724 figurae
1492 3639 1540 3704 fa-

369 3748 508 3814 bulares
537 3748 636 3835 quasi
664 3771 815 3836 parerga
839 3747 1016 3834 topiorum
1039 3756 1148 3835 erant,
1176 3745 1311 3832 species
1333 3754 1539 3832 prospectus

370 3854 477 3922 etiam
516 3856 714 3923 conservari
747 3855 865 3944 potuit
901 3895 941 3904 -
977 3855 1027 3939 id,
1063 3854 1156 3941 quod
1191 3853 1227 3918 in
1262 3851 1409 3940 picturis
1442 3849 1540 3918 Vati-

371 3962 467 4029 canis
502 3962 622 4030 evenit
656 4004 707 4049 -,
742 3963 955 4050 ubicumque
989 3972 1109 4029 autem
1143 3984 1186 4027 ex
1220 3982 1370 4050 parergo
1401 3980 1540 4025 summa

369 4069 527 4156 picturae
550 4072 643 4137 facta
666 4082 727 4154 est,
752 4094 793 4137 ea
816 4069 949 4157 species
973 4092 1045 4136 non
1069 4069 1140 4135 iam
1163 4065 1305 4135 retineri
1328 4063 1454 4153 potuit,
1478 4065 1539 4131 sed

370 4200 413 4243 ex
448 4176 593 4266 pictura,
628 4199 718 4263 quae
752 4171 938 4245 veritatem
973 4175 1186 4259 imitabatur,
1221 4173 1341 4259 imago
1375 4171 1470 4259 picta
1502 4169 1539 4236 in

297 4321 298 4324 π
369 4283 504 4369 pariete
541 4285 634 4350 lacta
669 4295 730 4368 est,
769 4306 859 4372 quae
893 4305 964 4350 non
1000 4282 1071 4348 iam
1106 4291 1320 4370 prospectus
1359 4279 1420 4345 sed
1455 4277 1540 4344 artis

371 4390 485 4477 operis
520 4401 654 4458 certum
688 4401 939 4480 argumentum
974 4387 1175 4457 exhibentis
1208 4388 1320 4455 instar
1351 4396 1413 4453 est
1460 4387 1540 4470 Quo

370 4499 463 4566 facto
502 4497 661 4586 quaestio
699 4497 860 4584 solvitur,
899 4507 1019 4566 utrum
1056 4499 1243 4585 pleraeque
1285 4491 1430 4562 secundi
1468 4489 1540 4560 stili
