3800 5292
690 457 1154 601 '-33-y

341 720 478 789 mediae
508 720 683 810 parietum
717 721 874 809 picturae
907 723 1115 810 Tafelbilder
1140 742 1184 787 an
1212 721 1424 810 Prospektffi)
1450 721 1511 788 ha·

341 829 477 896 bendae
500 829 580 896 sint
616 831 709 896 Mau
730 829 825 896 enim
841 827 1097 897 demonstravit
1119 830 1302 917 plerasque
1320 851 1381 896 eas
1400 827 1511 917 pictu-

341 959 397 1002 ras
412 957 484 1002 non
500 946 706 1024 prospectus
722 938 896 1026 praebere,
920 938 981 1004 sed
996 935 1159 1023 margine
1174 935 1295 1002 addito
1310 937 1511 1003 tabularum

342 1041 494 1129 speciem
516 1044 660 1122 habere;
685 1045 779 1132 quod
802 1065 1018 1130 quamquam
1034 1041 1182 1109 dubium
1205 1064 1369 1110 essenon
1385 1052 1511 1130 potest,
1527 1070 1530 1076 ·

342 1161 460 1218 tamen
495 1152 591 1218 haud
626 1149 697 1218 scio
732 1173 777 1218 an
812 1172 941 1218 nomen
971 1151 1142 1237 Tafclbild
1170 1150 1273 1217 facile
1299 1150 1336 1216 in
1361 1171 1511 1217 errorem

341 1257 507 1324 inducere
529 1257 648 1347 possit.

450 1382 736 1450 Consentaneum
771 1381 866 1450 enim
901 1392 956 1450 est
990 1405 1031 1450 eo
1058 1392 1192 1470 puncto
1220 1381 1396 1470 temporis,
1431 1404 1512 1449 cum

342 1487 475 1577 species
519 1500 725 1577 prospectus
767 1502 909 1577 propter
947 1499 1239 1577 argumentorum
1281 1487 1354 1557 vim
1391 1488 1512 1557 relicta

343 1607 447 1680 esset,
491 1595 598 1664 etiam
641 1596 794 1683 speciem
836 1599 1011 1664 fenestrae
1052 1598 1109 1664 vel
1153 1595 1512 1681 intercolumniorum,

342 1725 432 1790 quae
471 1715 696 1792 prospectum
731 1704 951 1790 praeberent,
1002 1701 1119 1770 omitti
1157 1701 1327 1770 debuisse.
1390 1707 1515 1789 Itaque

341 1809 508 1896 picturae,
542 1821 677 1877 utnon
706 1810 777 1876 iam
804 1821 1019 1897 prospectus,
1055 1810 1117 1876 sed
1152 1808 1327 1895 imagines
1354 1833 1413 1876 eas
1437 1832 1513 1876 esse

343 1915 611 2002 significaretur,
634 1915 796 2004 margine
820 1916 1055 1984 circumdatae
1079 1927 1171 1999 sunt,
1195 1916 1254 2002 qui
1279 1926 1397 1982 tamen
1421 1940 1442 1983 a
1465 1927 1514 1982 ta-

341 2023 506 2090 bularum
540 2023 754 2091 Graecarum
791 2022 954 2110 margine
992 2022 1152 2089 diversus
1190 2033 1256 2106 est,
1291 2045 1362 2088 non
1399 2024 1514 2089 solum

343 2152 463 2197 earum
492 2132 700 2215 tabularum,
733 2153 822 2218 quae
856 2130 1001 2219 positae,
1036 2131 1098 2196 sed
1125 2128 1233 2195 etiam
1260 2151 1388 2213 earum,
1424 2152 1515 2216 quae

342 2235 467 2324 parieti
510 2235 701 2324 impressae
743 2248 840 2322 sunt,
880 2219 961 2303 c'um
1003 2237 1211 2323 plerumque
1248 2257 1319 2301 non
1358 2234 1514 2322 figurata

342 2345 455 2410 forma
469 2342 598 2430 lignea,
621 2345 682 2410 sed
706 2343 819 2411 limite
835 2345 989 2410 colorato
1005 2342 1186 2410 efficiatur.
1227 2340 1377 2412 Etiamsi
1394 2352 1515 2409 autem

343 2452 455 2517 forma
478 2450 599 2537 lignea
618 2462 672 2518 est
694 2461 736 2517 ut
758 2449 795 2517 in
806 2432 927 2517 'domu
950 2449 1247 2536 epigrammatum
1271 2459 1307 2515 et
1321 2447 1515 2535 imaginem

343 2555 380 2622 in
420 2558 540 2624 tabula
577 2557 699 2644 lignea
735 2557 867 2645 pictam
911 2579 988 2623 sese
1025 2555 1188 2642 fingitur,
1227 2565 1346 2622 tamen
1384 2577 1514 2622 nomen

349 2665 517 2748 Tafelbild
541 2688 562 2730 a
589 2674 684 2732 recta
717 2663 776 2732 via
810 2665 983 2732 abducere
1016 2675 1141 2752 potest,
1177 2685 1257 2729 curn
1292 2665 1336 2730 de
1364 2685 1516 2750 genere

345 2794 365 2836 a
393 2770 523 2838 tabulis
547 2771 692 2839 Graecis
726 2773 830 2858 plane
858 2771 1025 2839 diverso
1054 2783 1190 2858 agatur.
1237 2776 1364 2858 Neque
1385 2792 1514 2837 nomen

345 2876 486 2964 quidem
506 2880 642 2944 tabulae
656 2882 835 2944 Romanae
849 2887 943 2944 recte
959 2901 1036 2944 sese
1051 2879 1167 2961 habet,
1184 2900 1264 2944 cum
1279 2879 1348 2944 hae
1358 2877 1516 2964 picturae

345 3006 426 3050 cum
452 2983 566 3070 priore
595 2985 794 3051 tabularum
818 2983 956 3072 pictura
978 2984 1068 3051 nihil
1093 3006 1279 3052 commune
1301 2985 1458 3052 habeant
1481 2995 1517 3050 et

345 3089 489 3158 omnino
510 3091 579 3158 alio
595 3093 693 3158 fonte
710 3103 807 3158 ortae
822 3091 903 3175 sint,
924 3091 1052 3158 deinde
1068 3103 1187 3158 autem
1204 3095 1401 3158 Romanam
1419 3092 1517 3157 tabu-

344 3200 458 3264 larum
501 3197 675 3285 picturam
719 3199 875 3265 Graecae
918 3197 1134 3264 simillimam
1176 3198 1285 3264 fuisse
1326 3197 1517 3265 verisimile

345 3304 399 3372 sit.
451 3308 576 3393 Itaque
614 3291 637 3372 a
672 3296 816 3371 nomine
859 3307 1027 3392 Tcffelbild
1061 3304 1311 3372 abstinendum
1350 3315 1386 3371 et
1423 3328 1517 3372 novo

346 3411 467 3498 generi
502 3433 632 3479 nomen
675 3412 864 3478 Wandbz'lo'
888 3411 1117 3478 tribuendum
1145 3414 1237 3498 est2),
1272 3413 1366 3499 quod
1403 3435 1517 3498 genus

345 3528 471 3585 natum
505 3530 559 3586 est
591 3529 884 3605 eprospectuum
906 3517 1052 3605 pictura.
1078 3559 1113 3569 -
1144 3517 1253 3586 Cuius
1277 3518 1417 3605 generis
1440 3517 1517 3584 reli-

345 3625 454 3712 quias,
489 3647 580 3712 quae
614 3623 757 3712 quidem
781 3629 917 3692 Romae
944 3636 1038 3709 sunt,
1072 3647 1168 3691 nunc
1200 3623 1450 3692 examinemus,
1474 3663 1517 3673 -

452 3749 589 3819 Summi
618 3761 738 3818 autem
765 3749 936 3818 momenti
966 3762 1051 3818 sunt
1073 3752 1173 3834 duae,
1208 3750 1357 3837 quaein
1383 3747 1518 3816 tablino

346 3859 489 3925 domus
525 3857 746 3926 Palatinae
781 3869 873 3942 sunt,
908 3858 1092 3946 imagines.
1150 3861 1309 3943 Quarum
1344 3881 1394 3942 ea,
1428 3879 1519 3944 qnae

457 4095 481 4180 ¹)
505 4099 578 4174 Eug.
601 4101 753 4167 Petersen‚
777 4100 836 4156 Ara
859 4099 945 4156 Pacis
968 4101 1043 4175 Aug.
1066 4118 1095 4173 p.
1122 4097 1194 4167 148,
1227 4099 1309 4167 Mau,
1331 4097 1419 4154 Rom.
1442 4097 1520 4154 Mitt.

350 4185 444 4336 {gg}
467 4207 496 4352 p.
518 4186 589 4336 1272}
612 4190 764 4255 Peterem,
787 4188 875 4246 Rom.
891 4189 966 4248 Mitt.
995 4186 1090 4255 1903,
1112 4207 1141 4263 p.
1158 4186 1210 4256 87,
1232 4188 1314 4256 Mau,
1337 4186 1425 4244 Rom.
1442 4186 1520 4243 Mitt.

456 4377 482 4464 ²)
505 4384 628 4450 Robert,
652 4384 820 4460 Votivgem.
844 4384 929 4442 eines
952 4385 1125 4458 Apobaten,
1153 4382 1244 4443 l9tes
1268 4383 1348 4440 Hall.
1369 4382 1519 4442 Winckel·

346 4491 552 4550 manusprogr.
575 4493 605 4550 p.
622 4473 651 4533 7.
1228 4505 1232 4512 ·
