3800 5292
723 591 1008 654 ...ν-

326 822 413 868 num
429 812 522 869 recte
533 800 714 872 Wickhoff
726 803 818 870 banc
828 800 1071 871 inventionem
1081 801 1183 871 initio
1193 803 1337 871 secundi
1351 806 1493 874 demum

326 907 456 976 saeculi
489 907 661 994 tribuerit;
696 908 804 976 immo
838 908 876 976 ni
910 911 1012 978 fallor
1046 933 1090 977 ex
1124 909 1337 980 testimoniis
1371 934 1494 980 monu-

325 1014 525 1102 mentisque
559 1025 595 1084 et
618 1027 776 1104 tempora
799 1027 834 1084 et
858 1027 1026 1101 auctores,
1060 1016 1229 1100 imprimis
1253 1029 1372 1086 autern
1395 1019 1493 1105 ratio,
1573 1079 1576 1086 .

327 1145 395 1210 qua
418 1121 487 1190 illis
511 1123 660 1191 saeculis
684 1123 904 1192 continuatio
930 1123 998 1191 loci
1023 1123 1235 1212 lingebatur,
1265 1125 1372 1193 etiam
1396 1149 1494 1194 accu-

327 1229 436 1297 ratius
461 1230 625 1318 cognosci
649 1242 774 1320 potest.

434 1355 586 1424 Primam
613 1368 732 1426 autem
755 1357 822 1424 loci
847 1357 1215 1426 commemorationem
1242 1357 1279 1425 in
1303 1358 1494 1426 Aetionis

328 1463 519 1532 clarissima
535 1465 655 1532 tabula
668 1462 884 1532 invenimus:
903 1463 1083 1538 Lucianus
1100 1466 1229 1532 Herod.
1246 1464 1323 1533 sive
1332 1465 1459 1533 Aetion
1473 1470 1492 1531 5

326 1573 479 1658 θάλαμός
501 1574 566 1637 ἐστι
587 1574 775 1658 περικαλλὴς
797 1575 851 1639 καὶ
873 1575 963 1657 κλίνη
986 1577 1142 1658 νυμφική.

433 1699 534 1782 Quae
560 1697 667 1764 verba
690 1698 825 1782 docent,
861 1697 1057 1765 thalamum
1084 1719 1156 1764 non
1180 1699 1304 1781 solum,
1337 1698 1430 1765 sicut
1455 1697 1493 1765 in

326 1803 472 1892 picturis
487 1805 710 1871 vasculorum
726 1802 881 1892 priorum
897 1803 1100 1888 indicatum,
1116 1805 1178 1870 sed
1193 1815 1494 1891 repraesentatum

327 1910 448 1978 fuisse:
485 1909 711 1978 continuatus
745 1909 857 1996 igitur
890 1911 989 1978 locus
1024 1921 1107 1978 erat
1153 1912 1252 1980 Idem
1274 1911 1434 1980 evenisse
1456 1911 1493 1980 in

277 2077 279 2082 .
328 2017 481 2105 Hippyis
505 2019 627 2085 tabula
646 2019 830 2102 „llecptdou
847 2018 1002 2105 pannem)
1023 2017 1227 2087 Wickbotfii
1251 2018 1495 2106 interpretatio

327 2127 436 2209 docet,
472 2124 700 2192 confirmatur
733 2148 788 2209 eo,
823 2125 917 2212 quod
948 2125 1093 2192 lucerna
1119 2148 1140 2191 e
1167 2135 1257 2192 tecto
1291 2126 1494 2213 dependens

328 2235 452 2320 (λύχνος
486 2237 521 2300 ἐκ
559 2241 613 2318 τῆς
651 2235 774 2318 ὀροφῆς
807 2233 1028 2318 ἐξηρτημένος)
1067 2230 1213 2318 depicta·
1240 2243 1322 2300 erat
1358 2272 1399 2281 —
1438 2234 1494 2301 Ad

327 2341 474 2407 eandem
513 2350 665 2408 aetatem
702 2338 972 2422 hellenisticam‚
1011 2360 1226 2426 quamquam
1264 2349 1403 2426 tempus
1440 2362 1495 2406 ac-

328 2447 482 2514 curatius
522 2445 661 2514 deliniri
705 2445 840 2534 nequit,
880 2447 1077 2532 complures
1115 2447 1257 2514 tabulae
1293 2447 1495 2514 referendae

327 2567 419 2640 sunt,
443 2555 503 2624 ubi
526 2557 602 2622 loco
626 2565 766 2622 tantum
789 2552 964 2637 tribuitur,
987 2564 1028 2622 ut
1050 2576 1093 2620 ex
1116 2553 1193 2641 ipso
1216 2554 1294 2620 loco
1309 2574 1495 2640 argumen-

328 2676 404 2731 tum
428 2663 593 2752 capiatur.
641 2661 726 2729 Plin.
743 2665 786 2728 N.
803 2665 849 2728 H.
865 2664 1015 2745 XXXV,
1034 2666 1104 2728 143.
1149 2662 1321 2728 Philinus
1343 2661 1494 2748 (pinxit)
1556 2689 1560 2704 ¹

327 2772 539 2858 officinam
562 2771 703 2858 pictoris
732 2770 845 2856 ignom
874 2772 1044 2855 conflante
1065 2777 1182 2856 puero.
1230 2769 1329 2852 Quae
1356 2766 1494 2854 pictura

327 2876 403 2965 ipsa
431 2899 570 2965 quoque
602 2878 645 2944 ab
669 2899 710 2943 ea
734 2874 907 2963 Antiphili
930 2874 1068 2962 pictura
1089 2876 1242 2962 pendere
1264 2873 1416 2958 videtur,
1450 2877 1495 2944 de

327 3007 397 3072 qua
421 2983 564 3068 Plinius,
588 2985 607 3052 l.
623 2985 643 3052 l.
660 2986 809 3067 XXXV,
837 2987 910 3049 138:
934 2983 1146 3069 Antiphilus
1165 2991 1271 3068 puero
1291 2983 1403 3068 egenen
1419 3005 1494 3050 con·

318 3095 435 3178 flante
451 3092 616 3157 landatur
637 3114 676 3156 ac
686 3091 835 3178 pulchra
858 3091 949 3155 alcas
972 3091 1087 3156 domo
1109 3090 1358 3176 splendescente
1376 3089 1495 3170 ipsius·

329 3222 392 3286 qne
409 3199 516 3285 pueri
535 3221 597 3265 ore.
651 3197 736 3266 Plin.
765 3198 784 3264 l.
813 3198 833 3263 l.
865 3201 936 3264 112.
995 3197 1199 3280 (Piraeicus)
1229 3196 1494 3262 tonstrinas

327 3307 593 3392 sutrinasque
614 3307 753 3392 pinxit:
784 3303 868 3370 Plin.
893 3305 912 3371 1.
937 3305 957 3371 l.
987 3308 1056 3370 143.
1102 3303 1220 3368 Sc'rnus
1247 3303 1395 3390 (pinxit)
1424 3355 1430 3369 .
1455 3356 1492 3370 ..

327 3415 540 3500 officinam
551 3413 717 3499 fullonis.

307 3585 317 3608 t
435 3539 535 3623 Quae
550 3539 711 3626 exempla
727 3539 856 3606 docent
870 3537 954 3604 inde
970 3538 1015 3603 ab
1031 3533 1223 3602 Alexandri
1238 3533 1361 3622 Magni
1377 3544 1494 3602 aetate

239 3677 240 3680 ¹
328 3645 364 3712 in
392 3643 583 3732 pingendis
611 3643 851 3711 aedificiorum
879 3641 1027 3710 internis
1051 3640 1229 3710 exstitisse
1252 3639 1494 3709 continuatam

329 3751 508 3836 picturam.
556 3751 697 3818 Ceteras
720 3760 839 3818 autem
863 3751 1010 3833 tabulas
1033 3771 1122 3836 quae
1138 3747 1277 3817 interna
1292 3769 1364 3814 non
1380 3736 1512 3814 osten?

218 3943 221 3949 Ι
328 3860 468 3944 debant,
498 3881 548 3926 ea.
563 3857 706 3924 omnino
731 3856 883 3925 caruisse
906 3880 947 3924 eo
970 3855 1089 3923 minus
1111 3853 1292 3944 probabile
1314 3865 1376 3938 est,
1400 3855 1494 3941 quod

328 3964 596 4052 insequentibus
632 3951 866 4052 temporibus
882 3966 970 4032 duas
993 3965 1057 4032 has
1082 3966 1209 4031 classes
1231 3947 1509 4050 propinquitate¹

329 4073 480 4160 quadam
505 4071 710 4140 coniunctas
734 4094 810 4139 esse
833 4070 1040 4139 videbimus.
1474 4060 1476 4066 ’

435 4201 560 4284 Itaque
595 4219 676 4264 cum
713 4196 821 4264 fuisse
859 4198 976 4263 locum
1014 4193 1260 4264 continuatum
1277 4184 1341 4262 ¹ea
1378 4203 1495 4262 aetate

440 4450 464 4537 ¹)
487 4451 607 4517 Athen·
617 4455 659 4514 XI
681 4475 712 4531 p.
729 4453 842 4516 4741).
888 4453 1036 4535 Wickhotl
1058 4453 1110 4510 tl.
1125 4473 1155 4530 p.
1171 4449 1223 4513 51.
1319 4517 1322 4522 ,
