3800 5292
839 522 1060 596 —il-

477 744 612 832 Quarta
635 747 771 838 pictura
788 751 832 816 H.
848 753 926 814 1401
937 753 958 830 ¹)
981 767 1103 833 regem
1118 745 1304 812 barbarum
1321 757 1356 814 et
1371 746 1536 814 iuvenem

333 855 336 862 '
370 853 627 941 supplicantem
661 854 823 922 ostendit.
871 859 950 922 Iure
986 864 1106 920 autem
1129 849 1292 922 Winter
1326 853 1460 941 figuras
1491 857 1536 922 ad

370 963 528 1029 tabulam
552 961 667 1049 quarti
691 962 820 1030 saeculi
838 960 983 1046 rettulit
1008 959 1063 1027 cui
1080 958 1237 1048 opinioni
1255 960 1427 1048 imprimis
1443 962 1536 1028 sedis

371 1069 559 1137 delineatio
582 1071 685 1137 favet.
732 1068 869 1136 Tamen
893 1069 1090 1155 figurarum
1113 1065 1355 1155 proportiones
1376 1071 1537 1136 turbatae

371 1177 571 1264 exemplum
613 1199 685 1243 non
729 1187 889 1244 accurate
932 1174 1112 1263 depictum
1159 1196 1235 1241 esse
1285 1176 1536 1243 demonstrant

344 1350 348 1358 ,
370 1281 579 1351 Tentorium
595 1295 723 1377 autem,
740 1304 953 1371 quamquam
969 1279 1076 1349 etiam
1092 1290 1216 1368 quarto
1233 1283 1372 1348 saeculo
1385 1283 1537 1351 tribuere

370 1389 554 1478 possimuS,
578 1401 696 1458 tamen
726 1414 746 1456 a
773 1389 906 1476 pictore
930 1386 1144 1475 Pompeiano
1168 1387 1327 1454 additum
1351 1413 1427 1456 esse
1450 1391 1538 1458 veri-

370 1495 484 1564 simile
517 1505 579 1582 est,
612 1519 692 1564 cum
723 1507 934 1584 argumento
967 1507 1003 1564 et
1033 1507 1108 1564 arte
1137 1496 1365 1590 coniunctum
1387 1496 1434 1565 sit
1457 1521 1537 1564 cum

370 1603 513 1692 reliquis
553 1602 727 1671 tentoriis·
752 1605 925 1691 rebusque
966 1602 1124 1692 topiariis
1158 1614 1264 1692 supra
1298 1604 1415 1692 pictiS,
1447 1627 1538 1692 quae

371 1713 469 1777 nullo
492 1712 597 1778 modo
623 1712 764 1778 tabulae
788 1711 945 1779 Graecae
969 1709 1077 1777 tribui
1100 1723 1256 1797 possunt.

479 1819 580 1902 Quae
603 1829 769 1905 quattuor
797 1817 955 1905 picturae
978 1816 1028 1884 ita
1051 1816 1143 1885 inter
1166 1841 1203 1884 se
1227 1817 1463 1904 consentiunt,
1498 1831 1539 1887 ut

371 1949 429 1992 eas
463 1927 507 1992 ab
542 1927 666 1992 eodem
693 1925 826 2012 pictore
858 1927 969 1992 factas
993 1947 1069 1992 esse
1093 1924 1283 1992 verisimile
1306 1927 1360 2010 sit,
1395 1948 1540 1993 consen-

371 2032 466 2100 tiunt
489 2031 595 2100 etiam
620 2055 700 2099 cum
718 2029 888 2099 Romanis
911 2031 1057 2098 secundi
1081 2031 1152 2098 stili
1168 2031 1323 2118 picturis.
1370 2033 1441 2101 Sed
1458 2056 1538 2099 cum

370 2140 432 2207 uni
471 2139 595 2227 pictori
614 2207 617 2214 ,
635 2139 842 2206 tribuendae
881 2137 966 2223 sint,
1005 2161 1076 2206 non
1121 2161 1244 2205 omnes
1282 2139 1428 2206 secundi
1467 2140 1538 2206 stili

370 2247 525 2336 picturas
542 2247 773 2334 Pompeianas
797 2247 884 2314 tales
900 2245 1010 2312 fuisse
1026 2248 1233 2313 concludere
1256 2245 1346 2331 licet,
1370 2249 1431 2313 sed
1448 2247 1540 2314 sicut
1631 2274 1632 2279 ¹

372 2359 506 2421 Romae
541 2353 647 2421 etiam
681 2353 842 2441 Pompeis
878 2353 964 2421 alias
998 2377 1146 2441 quoque,
1187 2376 1276 2441 quae
1310 2356 1447 2421 fabulas
1477 2377 1539 2443 per

370 2460 503 2528 maiora
527 2461 624 2548 topia
647 2460 834 2547 dispositas
857 2462 1046 2545 habebant
1070 2460 1247 2528 exstitisse
1270 2460 1460 2528 verisimile
1476 2472 1538 2528 est.

481 2700 503 2778 ¹)
526 2699 620 2769 Stein,
643 2701 731 2757 Arch.
748 2699 822 2756 Zeit.
850 2699 942 2766 1866,
968 2720 998 2776 p.
1018 2699 1045 2770 l,
1067 2700 1102 2757 T.
1119 2698 1194 2771 205,
1218 2700 1330 2757 Winter
1353 2701 1371 2756 l.
1387 2701 1405 2756 l.
1421 2719 1450 2776 p.
1470 2698 1540 2760 105.
