3800 5292
815 556 1034 644 -¹⁷.-·

331 763 542 850 invenimus,
565 766 659 853 quod
676 766 1059 832 Η11111111111111111111
1076 765 1240 833 ostendit„
1287 771 1371 834 Pars
1387 777 1507 835 autem

331 873 459 940 horum
486 872 710 941 vasculorum
741 871 838 938 haud
866 870 938 939 scio
969 893 1014 938 an
1038 870 1146 940 aetati
1169 871 1285 959 priori,
1308 895 1415 961 quam
1438 896 1508 961 qua

331 978 368 1046 in
406 979 535 1047 tabulis
569 977 722 1067 primum
750 979 868 1045 locum
891 977 1139 1046 continuatum
1161 977 1297 1066 pictum
1321 1003 1397 1047 esse
1420 979 1507 1048 didi-

332 1085 457 1170 cimus,
502 1084 689 1152 tribuenda
731 1083 791 1169 sit,
833 1086 927 1171 quod
974 1095 1092 1152 tamen
1130 1095 1272 1153 nostrae
1310 1087 1506 1155 sentcntiae

330 1193 477 1260 minime
500 1203 683 1279 repugnat
731 1195 825 1258 Nam
848 1190 1002 1279 primum
1025 1191 1168 1279 quidem
1191 1193 1259 1259 hae
1281 1195 1506 1261 vasculorum

330 1299 489 1389 picturae
519 1299 664 1367 omnino
692 1321 773 1366 cum
802 1321 936 1387 magna
967 1300 1166 1367 tabularum
1197 1300 1335 1387 pictura
1363 1299 1506 1368 coniun-

332 1408 470 1494 gendae
493 1429 565 1474 non
590 1415 675 1475 sunt
684 1407 718 1495 ¹),
746 1406 874 1474 deinde
897 1415 1017 1473 antem
1040 1428 1155 1494 neque
1177 1408 1322 1475 vascula
1345 1406 1506 1475 Tarenti-

331 1537 377 1583 na
411 1536 526 1602 neque
559 1515 707 1581 Assteae
734 1536 798 1582 vas
833 1535 956 1581 revera
990 1514 1117 1580 domus
1150 1513 1291 1582 interna
1324 1515 1504 1602 praebent.

330 1621 424 1689 Tota
458 1620 560 1688 enim
581 1619 740 1694 aedicula
767 1619 817 1687 ita
839 1619 934 1707 picta
969 1631 1031 1705 est,
1066 1631 1108 1687 ut
1140 1621 1239 1688 illam
1272 1644 1344 1688 non
1380 1644 1400 1689 e
1427 1623 1504 1689 loco

330 1727 428 1795 intus
451 1727 575 1817 posito,
600 1729 660 1795 sed
689 1726 789 1814 quasi
812 1726 1003 1795 statuariae
1027 1749 1115 1814 opus
1138 1751 1160 1794 a
1182 1730 1259 1795 loco
1282 1727 1366 1795 foris
1389 1727 1505 1815 posito

330 1833 521 1904 videamus.
567 1833 661 1902 Tota
677 1845 796 1901 autem
812 1833 959 1922 pictura,
976 1833 1077 1902 cuius
1091 1856 1172 1922 pars
1188 1833 1249 1901 illa
1267 1833 1427 1902 aedicula
1441 1847 1504 1920 est,

331 1941 427 2010 omni
461 1940 528 2009 loci
564 1940 831 2009 continuatione
866 1951 967 2008 caret
1015 1944 1140 2028 Itaque
1168 1943 1236 2009 hae
1263 1941 1421 2028 picturae
1444 1941 1504 2026 eis,

331 2071 420 2135 quae
455 2047 701 2116 continuatum
735 2049 852 2115 locum
880 2048 1083 2132 ostendunt
1117 2049 1403 2116 adnumerandae
1429 2071 1501 2117 non

330 2166 421 2223 sunt.

438 2280 509 2350 Sed
544 2279 613 2347 alia
639 2279 778 2368 pictura
805 2300 886 2346 cum
921 2279 1051 2346 tabulis
1074 2279 1144 2346 illis
1168 2280 1418 2368 coniungenda
1441 2291 1503 2364 est,

330 2408 437 2474 quam
460 2388 533 2453 Die
555 2387 890 2452 Aldobrandzirische
912 2388 1106 2474 Hochzeifi)
1134 2386 1318 2454 nominare
1340 2388 1502 2454 solemus.

330 2495 379 2564 Et
406 2492 544 2580 figurae
573 2492 715 2580 quidem
746 2491 831 2580 quin
860 2494 905 2560 ad
933 2495 1135 2582 exemplum
1158 2494 1334 2562 Graecum
1356 2495 1504 2560 referen-

330 2601 395 2668 dae
419 2599 499 2686 sint,
523 2600 672 2668 dubium
695 2623 771 2668 csse
794 2621 865 2667 non
882 2611 1007 2687 potest
1053 2599 1275 2667 Testimonio
1297 2611 1351 2668 cst
1365 2610 1503 2689 praeter

329 2707 424 2794 ipsas
447 2707 583 2794 figuras
607 2706 705 2791 ratic,
729 2729 799 2794 qua
822 2709 922 2774 sedes
938 2706 1138 2793 Hymenaei
1161 2707 1256 2794 picta
1280 2719 1341 2791 est,
1369 2729 1459 2794 quae
1482 2731 1503 2775 a

329 2815 427 2881 nullo
462 2825 556 2882 certo
591 2815 773 2882 oculorum
806 2813 911 2902 signo
938 2824 1125 2902 spectatur.
1172 2815 1378 2901 Respondet
1401 2815 1503 2881 collo-

329 2920 420 2988 catio
444 2943 584 3008 quoque
607 2919 805 3008 figurarum
828 2920 865 2986 in
890 2922 967 2987 loco
991 2930 1028 2986 et
1049 2919 1147 3004 ratio,
1178 2942 1248 3007 qua
1271 2923 1377 3005 locus,
1401 2920 1502 2988 cuius

329 3027 555 3096 latitudinem
582 3051 626 3094 ex
654 3030 753 3095 fusco
777 3026 841 3095 soli
866 3029 981 3094 colore
1004 3038 1166 3094 accurate
1188 3027 1395 3115 intellegere
1424 3049 1502 3114 pos-

329 3157 460 3220 sumus,
496 3157 576 3202 cum
608 3134 736 3221 figuris
771 3133 908 3202 desinit.
956 3135 1162 3221 Respondet
1193 3158 1214 3201 a
1237 3133 1380 3201 sinistra
1402 3145 1502 3221 parte

328 3265 430 3310 serva
452 3245 566 3310 multo
585 3241 709 3326 minor,
734 3252 915 3329 tamquam
931 3252 1066 3309 remota
1081 3240 1136 3326 sit,
1158 3240 1261 3329 picta,
1286 3263 1366 3309 cum
1382 3252 1500 3309 tamen

328 3350 436 3438 pedes
469 3371 548 3416 eam
574 3360 655 3436 post
677 3349 791 3436 ipsam
819 3349 1041 3416 columellam
1064 3348 1226 3417 insistere
1249 3350 1500 3418 demonstrent

329 3455 492 3544 Denique
533 3457 631 3523 locus
673 3458 879 3544 plerumque
922 3477 1024 3523 muro
1063 3455 1252 3541 clauditur,
1290 3479 1371 3523 area
1408 3456 1501 3525 inter

328 3565 493 3634 dextrum
515 3561 714 3650 marginem
738 3571 774 3629 et
796 3561 946 3651 primam
969 3562 1124 3650 figuram
1148 3586 1234 3630 saxo
1257 3565 1427 3650 expletur,
1453 3554 1502 3631 vea

329 3680 448 3737 autem
481 3692 562 3758 pars
596 3668 706 3754 fundi,
738 3691 828 3756 quae
862 3668 955 3737 inter
987 3670 1081 3737 hanc
1114 3669 1268 3757 figuram
1296 3681 1332 3737 et
1358 3691 1501 3737 murum

328 3776 545 3864 relinquitur,
581 3777 740 3844 caeruleo
776 3777 889 3843 colore
925 3775 1020 3864 picta
1054 3787 1116 3844 est
1174 3778 1275 3862 Quae
1309 3776 1429 3845 omnia
1462 3776 1500 3846 in

328 3882 475 3971 picturis
498 3884 624 3951 domus
648 3882 862 3950 Famcsinae
884 3882 1095 3951 invenimus.

437 4007 527 4075 Mira
550 4007 701 4076 latitudo
724 4007 831 4075 huius
854 4008 1020 4095 picturae,
1053 4031 1123 4097 qua
1145 4010 1297 4100 zophoro
1321 4007 1501 4078 simillima

439 4301 464 4380 ¹)
486 4302 664 4377 Watzingsr,
687 4301 735 4358 De
758 4302 887 4360 vasculis
909 4303 1090 4372 Tarentinis,
1113 4303 1198 4362 Bonn
1225 4303 1318 4365 1899.

438 4407 461 4483 ²)
485 4409 517 4466 B.
534 4408 668 4484 Nogara,
691 4407 734 4465 Le
758 4409 857 4467 Nozze
881 4407 1117 4476 Aldobrandine‚
1139 4430 1169 4485 p.
1193 4409 1245 4481 22,
1268 4410 1306 4468 cf.
1321 4411 1356 4468 R
1371 4411 1501 4480 rorstet,

328 4499 417 4557 Arch.
440 4498 513 4560 Zeit
541 4495 634 4566 1875,
657 4517 686 4574 p.
706 4495 758 4566 80,
780 4497 903 4567 Robert‚
930 4499 1062 4556 Hermes
1084 4498 1207 4572 XXXV,
1234 4498 1328 4570 1900,
1350 4520 1380 4579 p.
1401 4497 1500 4562 65711.
