3800 5292
892 489 1112 564 -28-

410 702 528 795 figura
565 709 723 796 (Nogara
762 718 784 776 t
824 713 884 789 25,
924 712 994 796 26),
1032 710 1133 778 cuius
1171 709 1285 778 simile
1323 709 1407 799 quid
1446 711 1508 780 vix
1545 709 1582 780 in

410 816 531 882 tabula
555 815 691 884 Graeca
713 814 865 884 inveniri
888 828 1014 905 potest
1061 819 1195 887 Omnes
1218 828 1339 886 autem
1360 817 1585 888 vivacissime

410 920 602 1008 agitantur,
614 921 665 990 ita
680 932 721 989 ut
736 945 782 991 ne
791 933 926 992 stantes
935 924 1078 1012 quidem
1088 923 1199 1012 quieti
1209 948 1285 993 esse
1294 925 1491 1011 videantur,
1504 949 1585 994 curn

411 1026 560 1096 sollicite
584 1039 621 1096 et
644 1030 848 1098 turbulente
870 1029 1035 1098 omnibus
1058 1031 1225 1100 membris
1247 1043 1367 1100 motus
1390 1043 1585 1121 gestusque
1616 1092 1619 1097 .

411 1135 544 1203 iaciant
567 1145 748 1223 tamquam
768 1136 953 1226 trepident
1001 1137 1131 1206 Mirum
1151 1150 1271 1206 autem
1287 1150 1349 1225 est,
1365 1161 1435 1228 qua
1449 1138 1586 1208 ratione

411 1253 546 1312 stantes
574 1242 715 1332 figurae
738 1244 897 1314 cruribus
920 1245 1102 1328 insistunt,
1137 1248 1237 1315 velut
1262 1259 1382 1335 pastor
1404 1246 1442 1314 in
1464 1269 1586 1315 secun-

412 1352 457 1417 da
480 1355 766 1438 Laestrygonum
789 1352 927 1439 pictura
947 1354 1110 1442 (Nogara
1134 1363 1157 1420 t
1176 1358 1225 1438 15,
1252 1359 1311 1431 16).
1359 1354 1465 1422 Genu
1489 1353 1583 1421 enirn

413 1456 530 1542 cruris,
566 1458 622 1525 cui
651 1481 722 1525 non
747 1458 928 1544 incumbit,
952 1459 1053 1527 alteri
1077 1461 1294 1539 admovetur,
1317 1482 1381 1548 pes
1404 1483 1424 1527 e
1447 1459 1586 1529 diverso

412 1566 544 1652 apede
568 1563 776 1650 dimovetur,
811 1578 852 1634 ut
887 1568 1043 1654 angulus
1065 1565 1131 1633 liat
1164 1565 1257 1634 inter
1290 1569 1405 1634 femur
1432 1578 1469 1634 et
1496 1590 1584 1651 crus,

411 1693 538 1739 manus
572 1683 692 1740 autem
715 1672 886 1741 vivaciter
909 1673 1105 1759 agitantur;
1141 1695 1248 1761 quam
1271 1672 1388 1741 standi
1412 1673 1586 1741 rationem

411 1776 614 1866 saepissime
636 1778 674 1846 in
698 1779 776 1847 aliis
791 1779 938 1867 picturis
956 1779 1127 1847 Romanis
1142 1779 1373 1848 inveniemus.
1413 1780 1584 1849 Omnium

411 1897 530 1953 autem
564 1887 762 1974 figurarum
796 1885 934 1954 articuli
957 1885 1075 1972 macri,
1109 1898 1236 1974 partes,
1271 1909 1361 1974 quae
1384 1898 1470 1955 sunt
1492 1887 1585 1955 inter

411 2016 480 2078 eOS,
503 1995 603 2061 velut
619 2015 729 2076 surae,
753 2015 891 2061 crassae
906 1992 1139 2078 delineantur,
1163 1993 1214 2060 ita
1230 2004 1271 2061 ut
1285 2016 1419 2082 magna
1434 1993 1584 2062 variatio

411 2111 447 2167 et
484 2099 662 2168 mobilitas
700 2099 873 2167 linearum
910 2099 983 2168 fiat
1029 2099 1184 2184 Accedit,
1223 2111 1264 2167 ut
1298 2099 1436 2187 figurae
1470 2102 1584 2168 multo

413 2205 530 2294 magis
552 2229 717 2294 procerae
740 2217 846 2294 atque
863 2217 988 2273 tenues
1003 2205 1077 2274 sint
1091 2229 1198 2294 quam
1213 2206 1251 2273 in
1267 2218 1342 2275 arte
1358 2207 1584 2275 Graecorum.

412 2315 537 2383 Soluta
572 2324 692 2381 autem
726 2313 943 2380 lineamenta
966 2324 1002 2380 et
1024 2311 1174 2402 inquieti
1197 2324 1316 2381 motus
1340 2336 1525 2402 corporum
1549 2325 1585 2382 et

410 2422 656 2505 membrorum,
696 2441 786 2506 quae
823 2417 1011 2486 durissime
1044 2421 1251 2508 plerumque
1285 2419 1439 2507 corporis
1472 2419 1585 2487 lineas

413 2537 606 2614 persecant,
641 2524 810 2610 efficiunt,
845 2537 887 2593 ut
914 2535 1010 2593 totae
1032 2525 1171 2613 figurae
1194 2549 1266 2593 non
1290 2528 1406 2594 solum
1428 2526 1585 2610 mobiles,
1685 2601 1687 2605 .

415 2633 607 2701 sedetiam
634 2632 797 2717 incertae,
832 2631 1084 2718 inconstantes,
1109 2631 1369 2700 inmusculosae
1392 2656 1468 2700 esse
1490 2632 1585 2700 vide·

413 2751 526 2808 antur.
572 2743 667 2806 Nam
696 2750 738 2806 ut
766 2738 919 2807 breviter
953 2738 1069 2806 dicam
1104 2739 1224 2807 omnia
1257 2738 1301 2806 iis
1324 2741 1462 2824 desunt,
1495 2762 1585 2827 quae

412 2848 619 2932 rhythmum
643 2857 679 2914 et
706 2845 946 2932 symmetriam
971 2845 1167 2933 figurarum
1183 2846 1399 2915 Graecarum
1415 2845 1583 2914 efficiunt

413 2958 538 3040 Itaque
562 2975 642 3020 curn
665 2951 803 3039 figurae
825 2954 931 3040 plane
946 2976 968 3018 a
990 2951 1137 3041 picturis
1153 2951 1299 3020 Graecis
1322 2952 1481 3021 diversae
1504 2952 1585 3037 sint,

412 3059 571 3147 sequitur
604 3058 743 3126 illorum
779 3058 956 3146 topiorum
989 3081 1061 3126 non
1094 3061 1208 3127 solum
1235 3062 1353 3126 locum
1389 3061 1450 3127 sed
1478 3058 1584 3126 etiarn

412 3169 547 3255 figuras
581 3165 706 3255 pictori
734 3170 896 3233 Romano
931 3165 1143 3252 tribuendas
1171 3189 1256 3234 esse.
1308 3166 1446 3233 Tamen
1482 3188 1585 3253 quae

412 3276 563 3342 rendum
597 3285 659 3358 est,
694 3283 813 3339 utrum
836 3272 998 3360 propriae
1021 3272 1093 3339 sint
1115 3272 1175 3358 illi,
1207 3272 1267 3361 qni
1291 3271 1388 3362 topia
1411 3271 1586 3342 Vaticana

413 3381 505 3466 lecit,
537 3379 672 3468 pictori,
702 3402 747 3446 an
772 3379 879 3447 aetati
908 3379 966 3446 vel
989 3378 1134 3446 omnino
1169 3380 1236 3447 arti
1261 3384 1444 3447 Romanae
1479 3375 1586 3446 tribu-

415 3489 528 3556 endae
550 3486 631 3571 sint,
654 3486 691 3553 id
715 3488 808 3573 quod
836 3484 915 3553 aliis
937 3484 1084 3572 picturis
1108 3485 1319 3553 examinatis
1343 3488 1507 3554 solvetur.

523 3592 685 3681 Pompeis
714 3592 809 3660 enirn
844 3592 880 3659 in
916 3594 1032 3677 domu,
1067 3615 1157 3681 quae
1191 3595 1236 3660 ab
1270 3592 1586 3680 epigrammatibus

413 3724 543 3769 nomen
567 3700 678 3785 duxit,
701 3699 857 3787 quinque
879 3698 1038 3788 picturae
1061 3699 1207 3766 secundi
1230 3698 1302 3766 stili
1318 3710 1476 3786 repertae
1492 3710 1585 3784 sunt,

414 3810 542 3896 quibus
586 3803 843 3894 epigrammata
885 3805 946 3873 illa
989 3806 1138 3891 Graeca,
1181 3828 1331 3894 quorum
1373 3816 1586 3892 argumenta

415 3914 666 4003 depinguntur,
690 3912 887 4001 subscripta
910 3924 995 3981 sunt
1013 3913 1221 4002 [Sogliano¹)
1244 3919 1314 3997 197,
1331 3917 1405 3996 241,
1422 3917 1495 3997 242,
1512 3916 1586 4006 381,

415 4022 532 4108 601.²)}
596 4022 696 4106 Quae
733 4020 905 4110 picturae,
944 4041 1158 4108 quamquam
1195 4030 1338 4106 propter
1375 4029 1587 4105 argumenta

414 4133 512 4198 locus
535 4128 658 4214 minor,
682 4127 820 4216 figurae
835 4127 986 4197 maiores
1008 4127 1166 4196 redditae
1185 4137 1278 4211 sunt,
1302 4137 1420 4194 tamen
1437 4127 1586 4193 eandem

527 4363 551 4452 ¹)
574 4369 617 4428 Le
640 4368 751 4446 pitture
775 4369 882 4427 murali
905 4368 1063 4445 Campane
1090 4365 1184 4426 1879.

370 4532 375 4546 .
524 4459 550 4540 ²)
574 4459 614 4518 M.
631 4459 658 4520 d.
675 4458 698 4526 Ι,
713 4458 750 4529 Χ,
773 4466 793 4517 t.
816 4456 868 4526 35,
892 4456 944 4521 ³6.
991 4457 1073 4527 Mau,
1096 4455 1240 4531 Pompeji,
1262 4454 1298 4512 T.
1318 4453 1366 4514 ll.
