3800 5292
825 535 1043 598 ..37-

346 747 531 836 antiquum
559 746 688 816 imitari
712 746 858 816 videtur.
914 752 1040 834 Itaque
1063 746 1107 813 ad
1130 745 1291 833 exempla
1314 745 1513 811 tabularum

346 857 546 924 referendae
580 866 616 923 et
643 865 717 923 toto
745 878 874 942 genere
898 856 941 922 ab
972 855 1025 940 iis,
1060 876 1147 941 quas
1175 850 1411 935 tractavimus,
1444 850 1514 938 pic-

347 963 434 1030 turis
468 961 626 1030 diversae
650 973 746 1046 sunt3
782 964 875 1050 quod
911 973 1031 1030 autem
1061 971 1097 1029 et
1128 961 1226 1047 ipsae
1247 958 1382 1026 medios
1404 956 1514 1045 parie-

347 1081 399 1138 tes
433 1081 569 1155 ornant,
604 1070 688 1136 inde
722 1068 877 1157 expediri
912 1080 1038 1157 potest,
1073 1069 1166 1155 quod
1197 1067 1352 1155 reliquae
1375 1086 1514 1153 quoque

346 1179 503 1266 picturae
534 1200 606 1244 non
630 1175 701 1244 iam
723 1188 929 1266 prospectus
962 1176 1114 1264 speciem
1137 1175 1316 1262 praebent,
1347 1174 1408 1248 sed
1431 1172 1515 1238 ima-

314 1359 319 1369 ,
347 1285 473 1373 ginum
500 1285 613 1352 instar
636 1295 727 1353 sunt.
766 1284 920 1370 Accedit,
944 1285 1039 1372 quod
1062 1285 1172 1350 altera
1191 1303 1280 1369 opus
1304 1279 1514 1347 statuarium

346 1393 513 1476 imitatur,
546 1391 582 1458 in
617 1393 726 1460 altera
750 1403 869 1460 autern
891 1390 1079 1478 parietaria
1102 1389 1239 1479 pictura
1262 1385 1395 1475 aliquid
1418 1387 1515 1454 valu-

347 1499 416 1566 isse
445 1498 592 1567 videtur.
641 1503 741 1565 Duae
764 1499 859 1565 enim
888 1498 1034 1585 figurae,
1065 1519 1153 1585 quas
1177 1506 1199 1563 t
1223 1499 1284 1579 VI,
1308 1499 1328 1560 2
1351 1493 1514 1577 ostendit,

347 1617 552 1693 ectyporum
585 1627 682 1672 more
717 1616 811 1672 certo
845 1617 881 1672 et
912 1605 1016 1672 finito
1049 1603 1163 1691 spatio
1189 1603 1257 1670 loci
1281 1600 1515 1682 continentur,

346 1713 480 1800 reliqua
507 1723 626 1780 autem
657 1735 737 1779 area
764 1712 843 1778 alba
865 1711 987 1778 relicta
1010 1721 1073 1789 est,
1108 1733 1178 1797 qua
1199 1733 1236 1776 re
1258 1709 1371 1796 pictor
1394 1733 1415 1775 a
1437 1730 1516 1775 con-

348 1819 545 1888 tinuatione
572 1819 639 1886 loci
662 1818 874 1886 abstinuisse
897 1817 1046 1886 videtur.
1090 1820 1259 1885 Attamen
1284 1838 1420 1899 cervus,
1455 1815 1515 1902 qui
1583 1845 1586 1849 ²

347 1929 422 2015 ipse
446 1949 583 2014 quoque
607 1937 812 2013 ectyporum
829 1926 955 1992 canoni
970 1927 1168 2014 respondet,
1188 1926 1334 2010 paulum
1349 1923 1440 1989 infra
1456 1945 1515 1989 eas
1554 1940 1556 1943 ·

347 2036 435 2102 duas
446 2034 581 2122 figuras
594 2033 709 2120 pictus
722 2033 884 2117 ostendit,
901 2031 945 2116 id,
959 2034 1053 2119 quod
1069 2031 1178 2098 infra
1194 2042 1256 2116 est,
1271 2053 1342 2097 non
1355 2053 1419 2116 pro
1435 2052 1515 2096 area

346 2141 490 2229 parietis
513 2139 588 2209 sive
611 2139 778 2226 imaginis
801 2140 1005 2206 habendum
1028 2163 1112 2222 esse,
1136 2140 1198 2206 sed
1221 2161 1284 2225 pro
1307 2137 1373 2204 loci
1392 2136 1514 2224 spatio,

348 2250 442 2338 quod
466 2258 562 2316 ante
585 2270 644 2314 eas
665 2246 799 2333 figuras
816 2257 876 2314 est.
923 2248 994 2316 Sed
1010 2245 1087 2313 fieri
1111 2268 1182 2313 non
1199 2244 1324 2332 potuit,
1348 2255 1389 2311 ut
1403 2243 1516 2330 pictor

347 2359 414 2424 hoc
442 2365 691 2443 assequeretur.
740 2358 899 2442 Utraque
922 2353 1018 2421 enim
1041 2353 1159 2440 figura
1182 2352 1376 2420 secundum
1399 2349 1515 2437 ectypi

347 2464 469 2532 stilum
504 2472 597 2529 certa
628 2460 821 2529 horizontis
844 2461 938 2528 linea
962 2472 1065 2545 caret,
1100 2481 1170 2548 quo
1193 2460 1244 2544 fit,
1279 2469 1321 2526 ut
1343 2457 1514 2544 exiguum

347 2569 510 2659 spatium,
532 2569 570 2636 in
587 2567 811 2656 quofigurae
827 2569 1018 2636 collocatae
1033 2578 1126 2652 sunt,
1149 2592 1171 2634 a
1186 2568 1262 2634 loco
1278 2567 1425 2653 paulum
1442 2574 1516 2630 tan-

348 2688 424 2744 tum
447 2676 624 2764 superiore
648 2675 892 2764 conspiciatur,
925 2675 1071 2764 eiusque
1093 2674 1176 2742 finis
1200 2673 1353 2742 anterior
1375 2672 1411 2739 in
1436 2695 1516 2739 area
1627 2762 1628 2765 Ἴ

346 2784 504 2871 picturae
536 2807 612 2851 esse
644 2783 813 2852 videatur.
844 2784 930 2854 sed
961 2795 1002 2851 ut
1025 2806 1105 2850 area
1128 2781 1271 2850 inferior
1293 2779 1448 2868 spatium
1479 2779 1514 2845 in

347 2894 462 2959 fronte
501 2891 706 2958 continuare
740 2890 932 2975 videretur,
967 2913 1056 2978 opus
1090 2901 1183 2957 esset
1216 2888 1351 2976 figuras
1385 2913 1406 2955 a
1439 2889 1516 2954 loco

347 3000 460 3066 multo
483 2997 661 3085 superiore
684 2997 847 3086 conspici.
894 3000 975 3082 Quo
998 2998 1049 3083 fit,
1079 3008 1120 3064 ut
1143 3007 1205 3064 aut
1227 2996 1390 3084 spatium,
1422 2996 1515 3082 quod

348 3117 432 3174 ante
447 3105 583 3193 figuras
600 3117 661 3190 est,
684 3105 776 3173 infra
791 3105 984 3190 inflectum,
1008 3115 1070 3172 aut
1085 3104 1223 3192 figurae
1246 3113 1337 3170 retro
1353 3103 1517 3169 inflectae
1553 3130 1558 3139 ·

348 3235 424 3280 esse
447 3213 642 3280 videantur.
690 3214 789 3280 Idem
813 3223 933 3280 autem
965 3212 1002 3279 in
1027 3235 1129 3280 cervo
1152 3211 1279 3279 evenit
1326 3213 1427 3295 Quae
1450 3209 1517 3276 dis-

349 3319 527 3408 crepantia
550 3318 697 3387 alicuius
716 3319 887 3388 r'nomenti
911 3330 973 3404 est,
997 3342 1078 3387 cum
1101 3341 1179 3386 eam
1202 3319 1239 3385 in
1256 3317 1360 3386 tertio
1376 3339 1517 3406 quoque

348 3428 429 3496 stilo
453 3424 631 3495 inventuri
655 3425 773 3494 simus

348 3649 436 3707 Rom.
459 3651 537 3712 Mitt.
559 3648 652 3718 1892,
675 3669 705 3725 p.
723 3647 765 3709 60
789 3649 899 3715 statuit,
923 3649 977 3706 sed
1001 3657 1034 3705 ut
1057 3648 1273 3722 baecpictura
1289 3665 1358 3704 cum
1375 3646 1446 3701 Mau
1462 3646 1481 3706 l.
1499 3646 1517 3700 l.

349 3740 555 3816 apographum
590 3740 713 3796 tabulae
746 3738 888 3814 autiquae
916 3739 1090 3794 habendum
1125 3736 1171 3804 sit,
1205 3754 1285 3811 quae
1318 3730 1433 3792 tamen'
1450 3734 1516 3809 ipsa

349 3829 542 3886 simulacrum
558 3828 658 3900 ¹etiam
682 3827 833 3903 antiquius
856 3827 1039 3884 imitabatur.
