3800 5292
837 468 1058 547 „34-

367 689 623 779 Polyphemum
657 701 693 758 et
716 690 928 759 Galatheam
957 690 1113 760 ostendit
1122 682 1175 781 ¹),
1193 716 1283 781 quae
1306 717 1402 763 nunc
1424 717 1537 785 paene

366 797 520 883 evanuit,
543 798 636 885 quod
660 808 696 866 et
719 800 763 865 ad
787 800 904 866 locum
927 810 964 867 et
987 801 1032 867 ad
1053 798 1252 887 figurarum
1271 802 1537 871 collocationem

366 903 503 989 attinet,
537 904 684 993 picturis
711 905 894 974 Vaticanis
930 905 1109 974 simillima
1140 917 1194 974 est
1225 908 1384 996 ideoque,
1418 932 1538 996 quam-

366 1034 472 1099 quam
488 1011 565 1100 ipsa
580 1034 652 1078 non
669 1011 741 1079 iam
755 1035 819 1100 pro
834 1023 1023 1100 prospectu
1039 1014 1203 1080 habenda
1219 1027 1282 1100 est,
1298 1027 1418 1102 aperte
1434 1015 1538 1103 origi·

322 1175 325 1181 .
366 1118 422 1186 nis
445 1141 530 1186 suae
551 1117 655 1205 signa
678 1118 842 1186 ostendit.
889 1119 1045 1206 Figurae
1068 1130 1189 1187 autem
1211 1144 1274 1208 pro
1297 1123 1374 1189 loco
1390 1125 1537 1211 paulum

365 1225 515 1293 maiores
548 1227 662 1294 laetae
697 1237 790 1311 sunt,
825 1237 865 1294 ut
892 1226 964 1294 iam
987 1227 1135 1293 dubium
1158 1226 1239 1292 oriri
1262 1228 1383 1315 possit,
1417 1241 1537 1298 utrum

366 1332 503 1420 topium
531 1354 576 1398 an
604 1331 742 1419 figurae
769 1355 832 1418 pro
860 1355 999 1399 summa
1021 1331 1179 1420 picturae
1202 1334 1367 1401 habenda
1389 1335 1469 1403 sint
1495 1377 1537 1386 -

473 1437 663 1524 Longioris
698 1449 817 1505 autem
851 1437 995 1524 parietis
1029 1438 1157 1526 imago,
1196 1463 1286 1526 quae
1316 1445 1458 1508 Ionem
1492 1445 1537 1510 ab

367 1550 477 1633 Argo
506 1544 718 1611 custoditam
749 1556 784 1612 et
808 1544 1057 1612 Mercurium
1080 1545 1329 1613 advenientem
1357 1548 1537 1633 exhibet2),

366 1656 410 1721 ab
432 1677 472 1721 ea
495 1651 617 1719 multis
641 1653 744 1718 rebus
760 1653 899 1719 diversa
923 1663 992 1740 est,
1008 1675 1104 1739 quas,
1128 1675 1342 1740 quamquam
1359 1655 1538 1742 Pompeia-

366 1759 422 1827 nis
451 1761 593 1826 demum
622 1758 780 1826 eiusdem
810 1758 1013 1846 argumenti
1040 1758 1187 1846 picturis
1220 1761 1411 1848 perspectis
1439 1785 1538 1830 accu-

366 1867 476 1935 ratius
511 1865 671 1952 intellegi
709 1878 866 1952 possunt,
901 1877 1020 1933 tamen
1054 1865 1177 1954 paucis
1212 1890 1419 1936 enumerare
1446 1872 1536 1937 volo.

366 1979 460 2040 Nam
483 1973 636 2061 primurn
660 1971 801 2060 quidem
822 1972 1019 2060 amplitudo
1034 1972 1101 2039 loci
1118 1984 1298 2041 contracta
1320 1975 1538 2063 rupibusque

365 2081 469 2149 linita
492 2092 552 2148 est.
600 2082 703 2166 Quod
720 2103 802 2148 vero
827 2083 871 2146 ad
894 2079 1029 2168 figuras
1053 2080 1189 2165 attinet,
1208 2080 1379 2167 pictorem
1394 2081 1430 2148 in
1448 2105 1538 2149 com-

364 2190 529 2277 ponenda
556 2187 693 2280 pictura
721 2189 842 2254 tabula
866 2189 1001 2255 Graeca
1029 2210 1134 2255 usum
1162 2211 1238 2256 esse
1261 2201 1385 2277 postea
1407 2189 1538 2258 videbi-

364 2319 456 2380 mus;
492 2297 553 2362 sed
588 2307 629 2362 ut
664 2305 738 2362 tota
760 2294 898 2381 pictura
933 2296 1179 2382 apographum
1208 2297 1350 2363 tabulae
1377 2296 1432 2381 sit,
1460 2297 1537 2364 lieri

365 2405 463 2470 nullo
486 2404 591 2470 modo
614 2412 738 2489 potest.
786 2406 879 2468 Nam
902 2401 1056 2488 primurn
1080 2386 1222 2489 guidem
1245 2405 1357 2469 forma
1379 2403 1538 2490 picturae

366 2512 489 2578 eadem
522 2521 576 2577 est
614 2532 704 2596 quae
734 2508 878 2575 alterius
905 2507 1073 2596 picturae,
1107 2511 1220 2576 multo
1247 2510 1365 2596 magis
1392 2509 1429 2576 in
1462 2510 1538 2576 alti-

367 2617 527 2684 tudinem
570 2639 676 2704 quam
720 2615 756 2682 in
796 2614 1022 2682 latitudinem
1061 2627 1220 2700 extensa,
1264 2638 1345 2682 cum
1384 2617 1537 2684 Graecas

264 2797 266 2806 ,
367 2726 506 2792 tabulas
529 2725 735 2811 plerumque
759 2732 977 2790 transversas
1000 2721 1109 2790 fuisse
1132 2722 1336 2807 viderimus;
1361 2735 1446 2790 tunc
1463 2734 1537 2790 tan·

367 2843 444 2899 turn
467 2831 617 2898 altitudo
633 2829 860 2896 latitudinem
876 2832 1073 2916 superabat,
1097 2852 1177 2896 cum
1193 2852 1387 2920 perpaucas
1402 2830 1537 2917 figuras

366 2941 486 3007 tabula
509 2938 721 3005 continebat
769 2937 873 3020 Quod
897 2958 1111 3024 quamquam
1133 2937 1171 3002 in
1195 2938 1288 3004 hanc
1312 2959 1452 3024 quoque
1468 2937 1538 3023 pic-

367 3056 482 3112 turam
499 3045 600 3128 cadit,
625 3055 743 3110 tamen
761 3045 856 3111 caelo
872 3066 1068 3131 numquam
1084 3054 1224 3110 tantum
1239 3043 1394 3129 spatium
1410 3043 1536 3110 Graeci

366 3154 546 3219 dederunt.
583 3154 683 3235 Quae
707 3162 826 3217 autem
844 3155 939 3217 Mau
963 3153 1007 3218 de
1030 3149 1202 3238 pingendi
1225 3149 1372 3216 rationis
1395 3149 1538 3217 diversi-

366 3271 447 3344 tate,
483 3281 588 3347 quam
622 3258 714 3324 inter
736 3258 829 3324 hanc
851 3258 1027 3345 picturam
1050 3269 1087 3325 et
1109 3281 1177 3342 eaS,
1212 3279 1302 3344 quae
1325 3281 1346 3323 a
1369 3257 1538 3323 lateribus

365 3366 509 3455 parietis
532 3376 757 3454 prospectum
780 3375 1055 3452 repraesentant,
1078 3364 1294 3431 intercedere
1318 3363 1435 3446 credit,
1470 3363 1538 3428 dis-

366 3473 484 3558 seruit,
508 3497 549 3539 ea
568 3473 639 3539 iam
655 3474 699 3539 ab
716 3471 881 3558 Eugenio
898 3476 1094 3538 Petersen
1111 3473 1263 3537 refutata
1279 3475 1402 3553 sunt³);
1425 3471 1537 3536 multo

365 3580 478 3647 maior
493 3579 588 3646 enim
605 3589 659 3646 est
675 3578 861 3646 diversitas
877 3579 971 3646 inter
984 3580 1047 3644 has
1060 3588 1131 3644 tres
1142 3577 1298 3666 picturas
1311 3587 1347 3643 et
1358 3575 1419 3642 illa
1430 3577 1538 3643 Grae-

367 3710 486 3754 carum
520 3689 720 3754 tabularum
752 3687 966 3774 apographa,
1001 3707 1091 3772 quae
1125 3683 1161 3750 in
1190 3683 1315 3750 iisdem
1343 3681 1538 3770 parietibus

477 3903 852 3990 pndlmtffi

474 3997 499 4074 ²)
524 3998 565 4058 M.
591 3999 618 4054 d.
641 3996 663 4054 Ι.
687 3997 736 4062 ΧΙ,
760 4005 780 4059 t.
799 3997 850 4057 22.
889 3997 1090 4073 Engelmann,
1113 3996 1201 4051 Arch.
1224 3992 1297 4050 Zeit.
1324 3990 1417 4061 1870,
1440 4012 1469 4068 p.
1486 3989 1537 4058 39,

367 4087 491 4162 Helbig,
532 4087 707 4146 Untersuch.
742 4107 773 4162 p.
812 4086 887 4154 140,
925 4085 1100 4154 Overbeclr,
1138 4084 1222 4140 Atlas
1260 4101 1284 4138 z.
1317 4081 1538 4155 Kunstmythol.

365 4176 412 4232 Tf.
442 4175 521 4244 VllI,
556 4175 604 4233 ll.
654 4176 779 4233 Wiener
807 4177 980 4252 Vorlegebl.
1016 4173 1154 4237 1890191
1196 4172 1232 4229 T.
1255 4171 1321 4240 XII,
1348 4169 1376 4230 3.
1427 4170 1537 4226 Kunst-

367 4266 467 4339 gesch.
495 4265 513 4320 l.
537 4264 611 4320 Blld.
634 4263 657 4331 Ι,
690 4264 737 4322 Tf.
762 4264 813 4334 96,
837 4263 866 4324 2.
912 4266 1012 4331 Klein,
1047 4264 1159 4322 Gesch.
1188 4264 1216 4319 d.
1244 4261 1354 4335 griech.
1378 4259 1476 4315 Kunst
1499 4257 1537 4317 11.

368 4373 397 4428 p.
422 4351 495 4412 325.
543 4352 918 4412 Herrmann·Bruckmann
941 4375 972 4430 p.
998 4353 1048 4414 67.

476 4440 1204 4522 3ηωωωωψωῃψψω

835 4754 906 4806 Ι
