3800 5292
845 545 1066 612 -25-

373 757 437 826 tari
458 749 645 846 potuerint.
691 757 846 844 Accedit,
870 760 964 846 quod
981 762 1221 826 Romanorum
1237 755 1423 844 ingenium
1439 756 1546 826 Grae-

371 888 491 942 corum
525 865 696 934 facilitate
725 864 885 934 veritatis
919 864 1160 957 negligendae
1194 865 1335 932 carebat
1365 875 1402 932 et
1431 865 1545 932 multo

372 971 489 1061 magis
513 974 558 1040 ad
584 995 707 1040 causas
730 993 847 1039 rerum
870 972 1098 1060 inquirendas
1122 972 1315 1062 spectabat.
1361 974 1487 1059 Itaque
1505 970 1543 1036 in

369 1078 485 1166 poesis
509 1102 648 1167 quoque
671 1079 834 1167 operibus
854 1078 1018 1147 videmus
1042 1090 1202 1147 auctores
1226 1082 1407 1146 Romanos
1427 1075 1544 1164 magis

369 1207 476 1272 quam
503 1185 657 1254 Graecos
680 1187 716 1252 id
740 1186 927 1269 studuisse,
955 1197 997 1254 ut
1019 1185 1323 1254 continuationem
1346 1207 1463 1252 rerum
1486 1207 1543 1251 ex-

368 1292 548 1380 plicarent
573 1294 673 1360 Idem
688 1293 744 1361 his
761 1315 900 1382 quoque
915 1293 952 1360 in
969 1292 1116 1382 picturis
1131 1295 1265 1360 iactum
1281 1316 1357 1360 esse
1369 1291 1540 1360 videmus.

369 1403 462 1466 Nam
484 1423 556 1466 non
580 1400 626 1484 id,
655 1401 748 1488 quod
774 1399 950 1488 topiorum
973 1399 1111 1487 pictura
1133 1399 1298 1467 instituta
1321 1410 1383 1484 est,
1417 1397 1540 1486 magni

366 1507 537 1574 momenti
571 1518 633 1591 est,
668 1509 730 1574 sed
763 1509 856 1594 quod
883 1507 920 1574 in
945 1507 1014 1574 illis
1038 1506 1143 1594 topiis
1165 1505 1319 1594 primurn
1342 1506 1450 1593 ampli
1473 1505 1540 1572 loci

367 1613 672 1680 continuationem
695 1613 816 1680 fictam
839 1637 916 1682 esse
938 1614 1108 1682 ridemus,
1133 1653 1175 1663 -

473 1721 578 1787 Multi
613 1732 732 1788 autem
757 1721 1048 1808 Demetrium¹)
1081 1720 1235 1808 primum
1270 1720 1447 1810 topiorum
1469 1718 1539 1808 pic-

366 1837 478 1894 torem
501 1826 610 1894 luisse
643 1829 797 1894 credunt
843 1826 980 1894 Tamen
1005 1826 1137 1912 dubito,
1170 1849 1215 1894 an
1239 1831 1453 1917 τοπογράφον
1475 1850 1538 1914 pro

365 1933 542 2020 topiorum
576 1933 709 2020 pictore
746 1935 876 2000 habere
910 1933 1021 2000 liceat
1079 1937 1173 2000 Nam
1206 1934 1361 2020 primum
1395 1934 1537 2021 quidem

364 2045 581 2126 τοπιογράφον
620 2062 699 2107 cum
738 2044 948 2112 Letronne
987 2039 1233 2107 coniciendum
1270 2052 1371 2126 esset,
1410 2027 1537 2107 deinde

364 2157 483 2214 autem
516 2150 732 2236 τοπιογράφος
765 2147 978 2213 vocabulum
1010 2145 1081 2213 iam
1116 2158 1192 2214 turn
1222 2147 1322 2235 quasi
1346 2147 1536 2218 terminum

363 2253 565 2320 technicum
592 2253 701 2320 fuisse
732 2251 805 2320 veri
841 2252 1010 2321 dissimile
1038 2265 1104 2340 est,
1138 2254 1345 2343 praesertim
1376 2277 1457 2322 cum
1490 2277 1536 2322 ne

361 2371 484 2446 postea
508 2359 650 2447 quidem
671 2357 871 2428 aVitruvio
893 2370 929 2426 et
945 2360 1059 2428 Plinio
1082 2363 1150 2430 hoc
1172 2384 1302 2429 nomen
1325 2372 1535 2448 usurpatum

362 2489 438 2533 esse
462 2465 694 2550 inveniamus
728 2467 789 2532 sed
814 2465 964 2555 copiosis
986 2467 1113 2553 verbis,
1145 2471 1232 2535 dum
1254 2471 1299 2536 de
1322 2468 1428 2556 topiis
1459 2468 1535 2555 pin-

361 2571 488 2659 gendis
504 2583 626 2659 agunt,
650 2593 784 2640 novum
800 2571 886 2639 illud
909 2597 1024 2662 genus
1041 2574 1243 2663 explicetur.
1289 2577 1345 2642 Ad
1360 2573 1533 2664 pingendi

361 2689 480 2745 autem
496 2689 607 2746 artem
623 2701 669 2744 ne
684 2679 780 2745 hunc
796 2679 987 2747 terminum
1005 2685 1265 2768 transieramus
1282 2706 1323 2750 eo
1338 2683 1456 2770 magis
1471 2681 1533 2748 im-

267 2834 270 2841 .
359 2784 530 2872 pedimur,
565 2786 658 2872 quod
682 2784 712 2852 is
736 2788 830 2873 apud
853 2787 1040 2878 scriptores
1062 2789 1248 2857 historicos
1272 2811 1355 2857 casu
1378 2790 1532 2876 quodam

359 2903 520 2959 servatus
552 2903 613 2959 est.
672 2896 796 2980 Itaque
826 2895 1000 2962 Brunnii
1031 2895 1245 2965 sententiam
1274 2898 1440 2984 praefero,
1471 2893 1531 2983 qui

362 2998 583 3066 Demetrium
621 3000 821 3067 tabularum
860 3004 1174 3090 geographicarnm
1215 3002 1385 3090 pictorem
1423 3001 1531 3069 luisse

358 3115 469 3192 putat,
505 3127 719 3192 quamquam
751 3130 831 3174 cum
862 3107 922 3175 illo
958 3112 1223 3178 concedendum
1249 3121 1304 3178 est
1334 3113 1401 3177 hoc
1434 3111 1530 3176 char·

359 3221 474 3278 tarum
490 3234 604 3298 genus
621 3213 755 3301 aliquas
779 3213 1029 3285 similitudines
1045 3241 1126 3284 curn
1145 3217 1337 3306 posteriore
1353 3216 1530 3305 topiorum

357 3317 494 3405 pictura
517 3319 690 3388 habuisse.
739 3321 803 3388 Cui
827 3323 949 3409 generi
983 3324 1299 3413 geographicarum
1328 3325 1529 3392 tabularum

356 3426 641 3494 adnumerandae
674 3440 758 3496 sunt
794 3440 830 3497 et
863 3430 1001 3519 pictura
1029 3431 1128 3498 cuius
1162 3431 1368 3498 memoriam
1393 3430 1528 3497 Plinius

356 3532 410 3618 (N.
435 3536 479 3600 H.
503 3537 652 3618 XXXV,
676 3537 730 3624 23)
761 3536 923 3623 servavit,
959 3563 980 3605 a
1014 3543 1052 3612 L.
1089 3537 1245 3604 Hostilio
1280 3536 1455 3622 Mancino,
1489 3537 1526 3603 in

354 3641 429 3706 foro
452 3639 568 3728 posita
591 3652 626 3710 et
650 3665 698 3726 ea,
723 3644 766 3709 de
790 3667 859 3731 qua
883 3643 1008 3718 Livius
1032 3646 1138 3733 (XLI,
1162 3645 1216 3732 28)
1233 3643 1396 3731 loquitur,
1420 3666 1526 3730 quarn

354 3747 584 3834 Sempronius
600 3749 950 3841 Grachus'dicavit.²)
989 3752 1165 3839 Tempora
1180 3762 1299 3818 autem
1315 3752 1441 3817 harum
1457 3751 1526 3838 pic-

354 3863 520 3939 turarum,
548 3861 608 3922 174
633 3867 669 3924 et
692 3863 753 3924 146
770 3882 798 3925 a.
816 3858 894 3925 Chr.
911 3881 954 3943 n,
978 3881 1058 3925 cum
1071 3856 1242 3924 Demetrii
1265 3868 1389 3942 aetate,
1413 3856 1474 3945 qui
1489 3866 1526 3923 et

262 3986 263 3989 ¹
337 3944 429 4048 ⁸ipse
457 3965 591 4030 Rornae
618 3963 835 4031 domicilium
862 3965 1024 4050 habebat,
1051 3964 1285 4031 consentiunt.
1335 3964 1438 4049 Quod
1466 3987 1525 4050 ge·

463 4141 488 4229 ¹)
512 4148 589 4206 Vide
624 4149 714 4207 Diod.
737 4151 794 4208 Sic.
822 4150 893 4208 Exc.
917 4152 945 4208 d.
970 4151 1007 4208 V.
1031 4158 1062 4208 et
1084 4151 1121 4208 V.
1143 4150 1252 4222 XXXI,
1288 4170 1318 4225 p.
1341 4148 1416 4215 584.
1450 4148 1522 4210 Exc.

352 4235 421 4292 Vat.
432 4235 540 4306 XXXI,
553 4237 582 4305 8,
592 4257 621 4314 p.
634 4237 675 4298 98
690 4237 850 4316 (Dindorl).
875 4241 941 4296 Val.
954 4240 1077 4308 Max.V,
1092 4239 1118 4307 l,
1134 4234 1337 4321 lI(Kempf).
1360 4239 1520 4313 Letronne,

351 4324 468 4382 Lettres
482 4321 553 4382 d’un
570 4328 770 4403 antiquitaire,
785 4348 814 4404 p.
830 4327 904 4398 458,
920 4329 1029 4396 Brunn,
1045 4328 1156 4386 Gesch.
1169 4329 1197 4385 d.
1207 4329 1318 4404 griech.
1329 4329 1472 4386 Ktinstler
1482 4326 1521 4400 11,

351 4433 381 4490 p.
397 4412 471 4482 289,
495 4415 615 4491 Helbig,
639 4417 917 4494 Untersuchungen‚
941 4438 970 4493 p.
990 4417 1064 4480 289.

460 4499 487 4590 ²)
511 4505 632 4582 HelbIg,
655 4507 843 4577 Untersuch.‚
867 4528 896 4584 p.
920 4506 995 4568 289.
