3800 5292
836 545 1057 606 ..11-

355 774 524 840 magnam
541 754 697 820 colorum
713 753 921 824 varietatem
936 756 1112 846 praebere,
1132 757 1265 824 colores
1280 755 1376 846 ipsos
1393 757 1528 826 validos

355 870 391 927 et
414 859 560 928 satiatos
583 882 672 944 esse;
706 863 952 947 praeferuntur
975 864 1070 929 color
1092 885 1136 928 ex
1159 861 1316 930 violaceo
1338 865 1444 931 modo
1471 865 1529 931 ob·

355 988 477 1034 scurus
500 968 605 1033 modo
629 967 827 1066 candicans,
861 970 988 1054 luteus,
1023 967 1154 1053 viridis,
1183 971 1372 1054 caeruleus,
1399 972 1527 1038 fuscus.

462 1095 503 1158 In
529 1093 673 1158 domus
687 1092 906 1161 Palatinae
923 1093 1066 1177 tablin0,
1089 1095 1183 1181 quod
1200 1092 1336 1179 dicitur,
1359 1096 1430 1161 duo
1448 1118 1529 1183 apo

356 1199 492 1285 grapha
508 1197 698 1266 incolumia
714 1211 853 1268 servata
869 1211 962 1284 sunt,
986 1222 1084 1287 quae,
1107 1201 1201 1287 quod
1217 1201 1261 1267 ad
1278 1212 1529 1288 argumentum

356 1305 496 1389 attinet,
533 1304 565 1372 ei
604 1305 740 1393 generi,
776 1305 831 1373 cui
868 1306 1012 1374 Helbi
1024 1330 1049 1394 g
1080 1328 1209 1373 nomen
1245 1309 1528 1375 Hellenistisches

361 1413 474 1479 Genre
496 1411 601 1496 dedit,
625 1413 890 1480 adnumeranda
913 1425 1006 1481 sunt
1046 1412 1220 1480 Brevioris
1243 1424 1362 1481 autem
1382 1415 1527 1503 parietis

356 1519 475 1586 tabula
486 1520 507 1607 ¹)
543 1530 613 1586 tres
647 1517 791 1606 figuras,
826 1522 914 1587 duas
949 1532 1093 1604 stantes,
1128 1520 1310 1588 sedentem
1342 1519 1435 1588 inter
1468 1544 1527 1588 eas

354 1647 463 1693 unam
487 1624 653 1710 continet,
677 1648 767 1713 quae
790 1649 912 1694 omnes
936 1626 973 1692 in
997 1649 1070 1694 uno
1092 1629 1199 1715 plano
1223 1628 1413 1694 collocatae
1429 1640 1526 1713 sunt;

355 1732 510 1819 reliquae
552 1743 671 1799 autem
714 1756 816 1801 areae
854 1735 948 1800 color
987 1732 1138 1800 cubiculi
1176 1733 1347 1820 parietem
1385 1734 1526 1803 indicat

357 1842 483 1926 Itaque
506 1838 564 1906 hic
580 1841 703 1906 eadem
719 1839 808 1906 ratio
825 1840 926 1907 nobis
943 1840 1094 1908 occurrit
1109 1862 1215 1927 quam
1231 1839 1267 1906 in
1282 1839 1407 1908 infima
1429 1853 1529 1928 parte

354 1945 517 2013 Archelai
541 1946 656 2034 ectypi
680 1947 890 2015 invenimus

461 2069 650 2157 Longioris
684 2071 828 2159 parietis
856 2095 897 2139 ea
924 2094 1016 2159 quae
1043 2096 1063 2138 a
1091 2071 1233 2139 sinistra
1261 2083 1361 2158 parte
1393 2083 1447 2139 est
1479 2084 1527 2140 ta-

355 2178 437 2243 bula
459 2178 530 2264 Ι(1.1.
549 2189 571 2245 t.
589 2180 645 2266 22)
669 2177 908 2245 sacrificantes
932 2180 1117 2245 ostendere
1136 2178 1290 2262 videtur3
1314 2178 1373 2246 hic
1389 2200 1527 2267 quoque

356 2293 425 2350 tres
448 2282 583 2370 figuras
618 2293 841 2372 συμμετρικῶς
864 2283 1053 2371 dispositas
1077 2281 1248 2368 videmus,
1283 2307 1384 2351 serva
1407 2295 1527 2352 autern

355 2413 417 2480 pro
452 2389 575 2457 ceteris
607 2391 721 2458 multo
755 2389 872 2457 minor
902 2391 998 2478 picta
1025 2402 1091 2474 est;
1126 2413 1233 2478 quam
1261 2402 1379 2458 tamen
1410 2391 1527 2477 magis

355 2507 526 2564 remotam
560 2520 632 2565 non
668 2499 870 2565 habendam
905 2520 982 2565 esse
1016 2497 1099 2566 inde
1126 2508 1285 2586 apparet,
1320 2498 1415 2584 quod
1446 2508 1528 2584 post

357 2603 470 2693 ipsam
509 2605 655 2672 labellae
693 2603 807 2671 basim
845 2603 986 2672 insistit.
1047 2603 1202 2690 Figurae
1239 2603 1351 2691 igitur
1388 2604 1526 2671 duobus

357 2710 472 2799 planis
496 2710 643 2778 diversis
665 2733 731 2778 nec
755 2721 872 2778 tamen
897 2721 1059 2777 accurate
1079 2709 1276 2797 segregatis
1292 2709 1527 2794 continentur,

354 2816 446 2884 sicut
473 2816 509 2884 in
533 2817 725 2885 Alexandri
755 2817 887 2904 proelio
918 2819 976 2885 vel
1004 2817 1041 2882 in
1062 2815 1212 2905 Telephi
1236 2817 1396 2895 zophoro
1444 2821 1527 2884 Post

354 2923 449 3012 ipsas
483 2923 618 3010 figuras
652 2923 766 3011 paries
801 2924 972 3011 sequitur,
1008 2923 1108 2990 cuius
1142 2923 1300 3010 superior
1333 2946 1414 3010 pars
1447 2925 1526 2991 velo

355 3053 468 3118 supra,
491 3030 583 3098 inira
606 3030 813 3098 candicante
835 3029 929 3098 linea
952 3042 1076 3098 ornato
1100 3032 1240 3097 obtecta
1262 3041 1323 3097 est.

460 3155 603 3223 Tertiae
638 3157 779 3224 tabulae
802 3158 834 3236 (l.
851 3157 870 3222 l.
888 3167 910 3222 t.
928 3157 986 3243 22)
1020 3178 1101 3242 pars
1130 3165 1270 3222 tantum
1298 3158 1437 3222 servata
1463 3167 1526 3240 est,

355 3285 446 3350 quae
470 3274 693 3350 pugnantem
716 3263 869 3352 praebet,
893 3261 994 3329 cuius
1009 3273 1128 3330 motus
1144 3261 1305 3329 ordinate
1323 3263 1368 3328 ad
1385 3263 1527 3330 tabulae

355 3392 471 3437 aream
505 3370 607 3453 liunt,
643 3369 812 3456 cuiusque
841 3368 995 3457 corporis
1017 3379 1135 3456 partes
1159 3390 1265 3456 quam
1286 3369 1442 3436 maxime
1464 3391 1527 3456 per

354 3500 471 3545 aream
495 3477 675 3565 expositae
698 3487 793 3560 sunt;
827 3475 997 3563 reliquam
1021 3486 1140 3543 autem
1163 3497 1280 3543 aream
1303 3486 1366 3542 aut
1388 3477 1526 3542 nullum

355 3595 489 3651 certum
512 3595 575 3652 aut
598 3583 684 3651 caeli
708 3583 857 3651 lividum
881 3585 1032 3650 colorem
1055 3582 1222 3650 habuisse
1251 3581 1441 3649 verisimile
1463 3592 1524 3648 est

355 3694 480 3778 Itaque
518 3692 605 3759 haec
644 3712 783 3778 quoque
821 3688 958 3778 pictura
995 3701 1201 3777 ectyporum
1239 3709 1383 3755 normae
1420 3689 1526 3775 plane

354 3799 550 3885 respondet

462 3924 576 3989 Multo
600 3933 719 3989 autem
743 3904 1000 3990 numerosiores
1024 3923 1171 4006 tabulas,
1196 3922 1257 3988 sed
1280 3919 1409 4008 partim
1432 3921 1525 3987 male

355 4040 580 4096 conservatas
595 4031 766 4116 praebent
789 4030 931 4097 domus
949 4028 1204 4097 Farnesinae
1218 4028 1378 4116 parietes.
1425 4030 1526 4112 Quae

354 4135 390 4202 in
416 4134 608 4224 compluria
632 4158 763 4223 genera
786 4135 997 4204 dividendae
1016 4146 1109 4221 sunt,
1133 4157 1282 4224 quorum
1298 4136 1369 4202 duo
1385 4144 1526 4203 tantum

355 4244 425 4310 huc
458 4235 644 4330 pertinent
700 4243 871 4330 Reliquae
902 4243 997 4311 enim
1031 4242 1190 4330 picturae
1221 4240 1351 4330 partim
1386 4241 1526 4310 tabulas

464 4495 490 4582 1)
514 4501 554 4558 n.
571 4499 599 4559 a.
615 4499 637 4559 1.
653 4497 710 4569 xr,
733 4506 753 4558 t.
770 4497 821 4560 23.
