3800 5292
873 542 1088 603 ..12-

389 751 503 840 quinti
527 750 667 835 saeculi,
701 773 789 838 quas
812 773 1026 819 marmoreas
1053 774 1129 819 esse
1151 751 1341 821 verisimile
1363 766 1425 839 est,
1456 778 1558 844 quae-

387 881 463 948 que,
493 860 587 946 quod
615 859 658 926 ad
688 869 800 924 artem
828 857 965 942 attinet,
988 858 1193 926 memoriam
1221 861 1441 945 lecythorum
1468 863 1558 930 Atti-

387 984 507 1034 carum
545 966 704 1032 albarum
736 976 916 1049 revocant,
954 964 1152 1049 imitantur,
1186 965 1314 1054 partim
1349 967 1486 1055 figuras
1519 970 1557 1036 in

389 1071 546 1140 violacea
580 1095 662 1139 area
689 1071 802 1161 pictas
830 1073 1033 1140 ostendunt
1078 1075 1278 1160 Utrumque
1301 1084 1421 1144 autem
1445 1098 1560 1163 genus

388 1178 484 1246 omni
522 1177 589 1245 loci
629 1177 896 1248 continuatione
930 1189 1036 1261 caret,
1071 1177 1106 1244 id
1145 1180 1240 1266 quod
1278 1191 1462 1269 propterea
1500 1183 1559 1249 ali-

388 1285 488 1353 cuius
522 1285 693 1352 momenti
721 1297 783 1370 est,
818 1287 912 1372 quod
936 1286 1130 1352 secundum
1155 1307 1269 1372 genus
1292 1298 1435 1374 propter
1457 1311 1560 1376 argu·

387 1402 508 1460 menta
541 1393 586 1459 ad
620 1394 781 1479 exempla
803 1390 1025 1458 hellenistica
1058 1393 1279 1459 referendum
1306 1415 1383 1462 esse
1406 1394 1558 1479 videtur3

388 1499 508 1586 itaque
541 1498 743 1566 testimonio
779 1521 855 1566 esse
881 1508 1000 1585 potest
1033 1496 1131 1564 illam
1164 1497 1372 1586 antiquioris
1395 1500 1481 1569 artis
1508 1525 1560 1568 ra-

390 1605 524 1672 tionem
548 1604 655 1672 etiam
678 1604 947 1692 insequentibus
962 1603 1139 1672 aetatibus
1153 1605 1368 1692 perdurasse
1417 1606 1560 1676 Maioris

388 1721 508 1779 autem
531 1712 702 1778 momenti
726 1723 810 1780 sunt
833 1711 968 1799 reliqna
991 1734 1131 1799 genera,
1166 1713 1187 1780 i.
1205 1734 1232 1779 e.
1256 1711 1293 1778 in
1317 1713 1488 1781 cubiculis
1512 1725 1561 1782 ta-

388 1820 493 1886 bulae
516 1818 651 1906 positae
674 1829 710 1886 et
732 1817 769 1886 in
787 1817 1047 1906 cryptoporticu
1063 1820 1205 1886 tabulae
1220 1817 1345 1906 parieti
1361 1818 1559 1907 impressae.

497 1926 790 1993 Cubiculorum
830 1924 936 1990 trium
975 1926 1129 2009 tabulae,
1163 1947 1253 2012 quae
1291 1948 1413 1994 omnes
1446 1926 1561 1995 valvis

388 2032 582 2100 instructae
605 2043 697 2117 sunt,
720 2034 826 2120 plane
849 2033 989 2100 eosdem
1006 2033 1138 2100 colores
1154 2032 1355 2117 ostendunt,
1379 2055 1467 2120 quos
1489 2033 1561 2100 iam

389 2139 426 2206 in
442 2139 590 2227 picturis
608 2138 777 2214 Palatinis
793 2139 1002 2207 invenimus.
1050 2137 1211 2206 Cubiculi
1228 2149 1346 2205 autem
1361 2139 1466 2226 primi
1483 2141 1528 2228 (2)
1539 2141 1561 2229 ¹)

389 2260 538 2334 utraque
554 2247 675 2314 tabula
687 2245 811 2314 seriem
823 2246 1020 2333 figurarum
1033 2244 1189 2312 ostendit
1200 2267 1290 2332 quae
1299 2245 1415 2331 ectypi
1425 2245 1562 2313 ratione

390 2357 581 2422 collocatae
611 2365 703 2438 sunt,
738 2352 775 2420 in
806 2375 878 2421 una
908 2354 1006 2441 (XII,
1030 2356 1096 2437 8‚5)
1120 2362 1240 2418 autern
1263 2374 1385 2419 servae
1407 2351 1562 2420 minores

389 2461 505 2552 pictae
521 2471 614 2545 sunt,
638 2481 852 2548 quamquam
867 2460 1015 2548 paulum
1031 2458 1277 2526 tantummodo
1293 2468 1449 2526 remotae
1464 2470 1561 2543 sunt3

390 2571 497 2660 pedes
521 2569 617 2638 enim
640 2567 803 2636 sinistrae
826 2589 948 2635 servae
972 2565 1008 2634 in
1033 2566 1156 2632 eodem
1179 2565 1294 2652 plano,
1324 2564 1361 2630 in
1385 2586 1456 2651 quo
1480 2566 1562 2633 lecti

391 2700 453 2766 pes
477 2676 638 2761 anterior,
662 2674 822 2743 collocati
846 2684 938 2759 sunt,
967 2674 1091 2741 dextra
1114 2695 1215 2740 serva
1236 2681 1355 2738 autem
1378 2669 1414 2737 in
1439 2673 1562 2738 eodem

390 2787 506 2872 plano,
544 2783 580 2850 in
610 2806 679 2872 quo
702 2781 842 2850 iuvenis
866 2782 1000 2866 sedens,
1016 2831 1020 2838 .
1035 2778 1226 2866 cogitanda
1249 2788 1312 2844 est.
1358 2778 1563 2846 Secundum

391 2895 537 2982 planum
565 2894 649 2980 (duo
678 2901 763 2958 sunt
785 2900 826 2956 ut
849 2888 886 2956 in
911 2886 1073 2955 Archelai
1097 2891 1233 2974 ectypo)
1257 2883 1393 2952 circiter
1416 2884 1563 2953 dimidio

392 2997 636 3087 amplitudinis
660 3023 681 3066 a
703 2997 818 3085 priore
841 3005 1017 3063 remotum
1040 3004 1101 3061 est.
1149 2990 1265 3058 Paries
1289 3001 1417 3074 autem,
1441 2991 1502 3078 qui
1525 2992 1563 3059 in

392 3129 530 3175 recessu
554 3116 742 3194 spectatur,
772 3126 845 3170 non
868 3125 940 3169 uno
965 3103 1079 3168 colore
1102 3100 1272 3185 expletur,
1301 3097 1362 3163 sed
1385 3096 1422 3162 in
1446 3110 1564 3185 partes

392 3213 566 3282 coloribus
590 3212 682 3280 inter
705 3235 742 3279 se
766 3210 922 3279 diversas
946 3206 1061 3275 divisa
1083 3215 1145 3272 est.
1186 3207 1228 3269 In
1245 3205 1328 3281 XII,
1346 3208 1396 3287 8,4
1421 3203 1566 3273 sinistra

391 3345 472 3410 pars
507 3344 552 3388 ex
575 3319 731 3388 violaceo
755 3319 911 3399 obscura,
946 3316 1070 3381 dextra
1105 3334 1125 3378 e
1157 3312 1256 3377 fusco
1288 3308 1477 3392 candicans
1501 3323 1564 3397 est,

393 3429 430 3496 in
456 3432 506 3512 8‚5
531 3426 673 3494 sinistra
696 3447 777 3515 pars
801 3447 821 3490 e
844 3421 1001 3490 violaceo
1025 3417 1221 3499 candicans,
1245 3417 1369 3482 dextra
1386 3417 1486 3484 fusca
1502 3429 1564 3485 est

395 3538 575 3622 Quantam
598 3544 718 3601 autem
741 3533 839 3598 locus
856 3525 1126 3616 amplitudinem
1142 3524 1279 3606 habeat,
1303 3521 1566 3590 accuratissime

393 3667 437 3710 ex
459 3644 558 3709 fusco
582 3640 646 3708 soli
672 3641 785 3707 colore
808 3633 970 3720 intellegi
992 3641 1117 3722 potest

500 3753 542 3815 In
565 3747 806 3815 cubiculorum
822 3741 967 3812 secundi
985 3739 1029 3827 (4)
1046 3748 1082 3805 et
1098 3734 1192 3803 tertii
1208 3734 1283 3823 (5)2)
1300 3733 1429 3801 tabulis
1445 3744 1482 3801 et
1496 3734 1565 3802 loci

393 3869 429 3926 et
443 3856 641 3943 figurarum
657 3851 840 3940 dispositio
856 3848 1052 3916 secundum
1068 3844 1191 3911 eadem
1205 3839 1378 3928 principia
1393 3842 1487 3908 iacta
1499 3853 1564 3926 est;

393 3989 483 4055 quae
507 3987 587 4031 cum
611 3985 656 4030 ex
690 3955 904 4048 apographis
935 3954 973 4020 in
998 3947 1159 4018 Instituti
1189 3946 1301 4015 nostri
1324 3948 1566 4015 monumentis

393 4073 495 4141 facile
517 4068 667 4160 perspici
682 4065 829 4158 possint,
851 4059 1025 4150 copiosius
1041 4081 1100 4124 eas
1116 4054 1309 4122 describere
1325 4053 1500 4138 abstineo,
1524 4079 1566 4122 ea

394 4191 534 4250 tantum
558 4197 763 4246 enumerare
787 4173 875 4256 volo,
900 4191 990 4256 quae
1013 4167 1057 4232 de
1079 4160 1272 4251 parietibus
1296 4160 1332 4227 in
1350 4160 1480 4228 tabulis
1495 4161 1566 4230 illis

505 4415 531 4504 ¹)
554 4417 676 4493 Helbig,
699 4415 812 4473 Fiihrer
838 4409 931 4476 1131,
954 4407 995 4464 M.
1012 4401 1161 4469 d.I‚X11‚
1184 4408 1204 4458 t.
1228 4399 1288 4468 8‚4.
1312 4397 1342 4461 5.

502 4505 529 4596 2)
552 4508 674 4586 Helbig,
697 4506 810 4564 Ffihrer
836 4497 929 4567 1141,
956 4493 1050 4565 1142,
1077 4489 1170 4554 1132.
