3800 5292
887 539 1106 604 „30..

409 748 573 818 curatius*
586 751 761 836 perfectae
784 771 855 816 non
880 761 972 834 sunt,
996 773 1040 817 ex
1062 748 1209 837 picturis
1231 749 1456 839 plenioribus,
1480 753 1579 820 velut

334 913 339 920 .
408 855 513 943 topiis
526 855 719 940 Vaticanis,
742 868 924 942 procreata
945 880 1021 924 esse
1044 858 1175 924 debent
1197 881 1312 945 neque
1335 870 1419 926 ante
1442 882 1501 926 eas
1521 881 1578 925 ex-

408 961 585 1048 cogitatae
628 984 703 1030 esse
746 975 902 1050 possunt
969 967 1095 1051 Itaque
1139 988 1183 1031 ex
1227 964 1350 1032 multis
1394 965 1578 1033 elementis

407 1068 607 1157 AegyptiiS,
646 1093 736 1157 quae
774 1070 810 1136 in
856 1069 912 1138 his
956 1069 1103 1160 picturis
1145 1070 1361 1155 invenimus,
1404 1069 1578 1160 originem

406 1174 625 1263 Aegyptium
649 1177 806 1245 derivare
830 1201 901 1245 non
925 1177 1043 1266 licet1)
1090 1180 1190 1263 Quae
1213 1180 1387 1245 elementa
1402 1179 1579 1266 Aegyptia

407 1284 603 1351 secundum
638 1295 777 1351 tantum
811 1286 928 1351 locum
962 1284 1121 1352 obtinere
1159 1284 1266 1352 etiam
1300 1283 1379 1352 ideo
1418 1295 1578 1372 apertum

408 1402 474 1476 est,
510 1392 603 1478 quod
638 1414 831 1478 numquam
867 1391 903 1457 in
939 1391 1093 1478 magnis,
1129 1414 1218 1479 quae
1255 1391 1390 1459 medios
1427 1391 1578 1479 parietes

408 1497 578 1581 obtinent,
616 1497 762 1584 picturis
801 1498 955 1578 secundi,
991 1497 1093 1596 tertii,
1128 1497 1243 1585 quarti
1274 1497 1347 1566 stili
1382 1509 1577 1566 occurrunt.

409 1605 539 1672 Contra
569 1615 650 1691 post
673 1627 807 1672 annum
831 1610 908 1672 48a.
934 1604 1011 1673 Chr.
1036 1628 1069 1672 n.
1093 1604 1258 1672 facillime
1281 1603 1357 1671 fieri
1381 1604 1506 1692 potuit,
1538 1617 1579 1673 ut

408 1734 463 1778 res
491 1711 699 1800 Aegyptiae,
734 1713 833 1780 velut
860 1714 985 1779 domus
1017 1711 1179 1780 homines
1206 1712 1340 1779 bestiae
1367 1711 1524 1796 artificia,
1558 1736 1579 1780 a

408 1818 601 1907 pictoribus
626 1817 795 1886 Romanis
828 1818 1113 1906 depingerentur.
1159 1823 1285 1906 Itaque
1316 1840 1418 1886 arcus
1441 1840 1578 1906 quoque

409 1924 641 2012 triumphalis
676 1924 736 2012 qui
771 1924 807 1992 in
843 1925 899 1992 his
935 1923 1042 2012 topiis
1077 1924 1237 2012 depictus
1272 1936 1335 2010 est,
1366 1947 1438 1992 non
1472 1927 1578 1993 modo

408 2054 480 2099 non
504 2055 548 2099 ex
571 2034 743 2119 Aegypto,
776 2032 795 2099 i.
820 2055 847 2099 e.
870 2031 1095 2117 Alexandria,
1123 2031 1273 2100 derivari
1305 2042 1431 2121 potest,
1459 2034 1521 2099 sed
1544 2043 1579 2099 et

408 2138 484 2227 ipse
501 2143 699 2206 Romanam
722 2140 848 2206 harum
864 2138 1081 2227 picturarum
1100 2138 1275 2226 originem
1290 2137 1431 2206 indicat
1465 2141 1579 2206 'Plane

408 2247 550 2314 easdem
573 2257 693 2314 autem
716 2245 851 2333 figuras
874 2248 983 2314 habet
1005 2247 1179 2335 zophorus
1202 2245 1360 2313 eiusdem
1384 2245 1535 2313 cubiculi
1543 2247 1578 2333 ²),

409 2353 509 2422 cuius
543 2352 681 2440 figurae
717 2376 797 2420 cuni
832 2353 937 2440 topiis
971 2351 1155 2422 Vaticanis
1194 2362 1368 2437 accurate,
1403 2354 1497 2441 quod
1534 2354 1579 2420 ad

409 2472 520 2528 artem
536 2459 673 2545 attinet,
690 2459 924 2528 consentiunt.
955 2461 1093 2527 Deinde
1108 2460 1250 2527 easdem
1265 2459 1374 2526 habet
1386 2499 1431 2509 ——
1441 2470 1579 2547 praeter

409 2566 478 2635 alia
505 2567 663 2636 eiusdem
690 2567 817 2636 aetatis
850 2577 1081 2635 monumenta
1113 2607 1154 2616 —
1186 2565 1222 2633 in
1255 2567 1376 2633 domu
1410 2565 1579 2650 Palatina,

410 2697 500 2763 quae
523 2673 652 2742 dicitur
675 2674 833 2760 Liviae,
858 2676 1002 2742 dextrae
1036 2675 1112 2742 alae
1138 2674 1321 2762 zophorus
1357 2672 1417 2760 qui
1445 2683 1482 2740 et
1503 2671 1579 2760 ipse

410 2781 506 2871 topia
533 2781 694 2849 ornativa
728 2784 912 2869 varrusque
947 2782 998 2846 ibi
1027 2781 1315 2847 obambulantium
1348 2781 1474 2867 species
1500 2802 1580 2845 con-

410 2889 507 2956 tinet.
556 2893 661 2956 Porro
691 2888 822 2956 similes
854 2889 991 2976 figuras
1022 2897 1160 2974 praeter
1192 2887 1287 2971 alias,
1321 2909 1410 2973 quae
1442 2885 1579 2974 origine

410 2997 546 3064 Graeca
562 3007 654 3080 sunt,
677 2996 714 3063 in
730 2994 886 3084 picturis
903 3018 994 3084 quae
1009 2993 1193 3062 historiam
1210 2997 1351 3061 Aeneae
1367 2993 1579 3077 describunt,

410 3126 500 3191 quae
523 3125 619 3170 nunc
645 3102 681 3170 in
707 3102 852 3170 thermis
876 3101 1088 3170 Diocletiani
1112 3110 1305 3184 servantur,
1336 3099 1580 3180 invenimus3)

521 3303 545 3388 ¹)
568 3307 615 3364 De
639 3307 777 3364 Romana
805 3307 910 3364 horum
942 3305 1121 3362 similiumve
1145 3305 1296 3379 topiorum
1319 3310 1426 3360 natura
1449 3301 1486 3360 cf.
1510 3300 1579 3359 Col·

409 3397 520 3472 lignon,
542 3397 646 3453 Revue
670 3397 708 3453 de
732 3391 800 3453 l’art
823 3413 889 3454 ane.
915 3403 946 3452 et
968 3395 1050 3451 mod.
1077 3392 1170 3461 1897,
1193 3391 1372 3468 11‚p.209.

519 3501 544 3579 2)
568 3503 608 3558 M.
632 3503 660 3558 d.
684 3503 706 3559 1.
729 3502 781 3571 Xl,
815 3509 835 3558 t.
859 3501 1000 3570 44-48,
1030 3502 1067 3558 cf.
1090 3507 1211 3576 praeter
1237 3499 1350 3574 scripta
1378 3498 1422 3554 ibi
1445 3515 1579 3554 comme-

410 3599 528 3650 morata
551 3591 585 3650 C.
607 3591 731 3662 Robert,
754 3591 884 3648 Hermes
907 3590 1044 3660 XXXVI,
1067 3611 1095 3666 p.
1112 3587 1186 3650 364.
1230 3587 1301 3645 Sive
1323 3588 1427 3644 fabula
1450 3585 1580 3652 Graeca,

411 3681 635 3739 sive-Romana
658 3688 712 3748 est,
747 3688 829 3738 certe
853 3682 907 3736 has
930 3681 1063 3755 picturas
1094 3698 1112 3735 a
1134 3679 1272 3736 Romano
1303 3677 1420 3751 pictore
1444 3676 1580 3732 inventas

411 3789 478 3828 esse
514 3788 561 3826 ars
597 3771 696 3827 docet.
742 3770 966 3835 Animadverte,
1000 3787 1080 3844 quae
1109 3769 1147 3825 sit
1169 3767 1338 3824 differentia
1371 3766 1449 3822 inter
1472 3766 1526 3822 has
1550 3772 1581 3821 et

411 3877 473 3925 eas,
497 3877 575 3934 quae
600 3877 727 3916 scaenas
747 3858 883 3916 Graecas
907 3858 1081 3934 depingunt,
1103 3857 1244 3932 picturas,
1266 3857 1349 3912 velut
1371 3855 1411 3910 M.
1432 3853 1460 3910 d.
1483 3854 1507 3909 1.
1529 3852 1580 3919 XI,

411 3957 430 4006 t.
454 3947 595 4009 30—32.
641 3947 753 4006 Contra
777 3949 856 4006 etin
880 3948 1082 4005 collocatione
1114 3954 1145 4003 et
1168 3946 1198 4002 in
1220 3945 1353 4002 motibus
1376 3943 1489 4000 similes
1512 3949 1581 3999 sunt

411 4057 467 4096 eae
484 4037 629 4113 picturae,
653 4056 732 4114 quae
756 4038 786 4094 in
801 4037 937 4095 Terentii
960 4037 1118 4094 codicibus
1142 4042 1278 4092 servatae
1294 4040 1370 4100 sunt,
1394 4049 1580 4108 quamquam

411 4145 458 4184 ars
474 4127 555 4185 mille
572 4127 635 4184 fere
652 4128 737 4184 annis
760 4127 943 4202 interpositis
958 4126 1047 4183 valde
1064 4126 1228 4199 depravata
1244 4130 1298 4190 est,
1322 4123 1462 4196 exempla
1477 4127 1580 4176 autem

410 4217 545 4274 Terentii
562 4217 703 4274 codicum
720 4217 758 4272 ad
774 4217 941 4273 secundum
963 4216 1118 4271 saeculnm
1133 4212 1308 4271 referuntur.
1325 4245 1366 4252 —
1383 4211 1460 4267 Fieri
1477 4216 1580 4266 autem

411 4313 520 4380 potest,
552 4313 584 4363 ut
607 4307 693 4362 huius
716 4305 839 4380 zophori
870 4305 1016 4379 picturae,
1046 4319 1125 4378 quae
1150 4303 1180 4358 in
1204 4302 1334 4377 singulas
1364 4307 1466 4376 partes
1489 4297 1580 4356 dividi

411 4402 544 4471 possunt,
569 4395 607 4452 ad
631 4395 740 4452 librum
763 4393 886 4469 picturis
909 4393 1088 4450 illustratum
1110 4392 1247 4448 redeant.

520 4503 545 4582 3)
570 4503 690 4578 Helbig,
706 4502 819 4560 Fiihrer
834 4501 870 4570 II,
886 4521 915 4576 p.
931 4497 1148 4562 1163-1165
1160 4518 1186 4557 a.
1209 4499 1250 4557 M.
1263 4499 1291 4556 d.
1303 4496 1375 4568 LX,
1397 4504 1418 4561 t.
1436 4496 1488 4558 60.
1504 4496 1579 4562 6οᾱ
