3800 5292
843 538 1060 599 „24-

359 759 495 816 morata
512 758 573 834 est,
597 747 634 815 id
650 758 705 816 est
718 769 918 816 scaenarum
933 717 1109 838 pictura1)
1154 751 1235 834 Quo
1250 747 1428 834 discimus,
1443 749 1533 818 nihil

361 877 548 922 commune
581 852 748 922 habuisse
771 855 994 944 parietariam
1017 855 1094 924 eius
1116 855 1244 924 aetatis
1261 854 1436 944 picturam
1452 879 1534 924 cum

362 962 563 1029 tabularum
585 959 741 1049 picturis,
765 985 846 1029 cum
869 963 1015 1031 omnino
1038 962 1108 1030 alio
1130 965 1229 1030 fonte
1251 972 1329 1029 orta
1351 961 1406 1031 sit

468 1089 593 1173 Itaque
631 1086 759 1153 horum
797 1097 981 1155 auctorum
1012 1088 1119 1155 verba
1153 1085 1262 1170 idem,
1298 1096 1405 1174 atque
1436 1085 1533 1174 ipsae

360 1190 531 1280 picturae,
572 1214 638 1260 nos
678 1194 819 1278 docent,
853 1194 1046 1262 errationes
1076 1193 1155 1260 illas
1190 1191 1308 1264 Ulixis
1341 1214 1404 1280 per
1437 1193 1533 1280 topia

361 1321 495 1368 novum
535 1298 667 1387 aliquid
706 1311 742 1368 et
775 1303 880 1388 plane
914 1325 935 1368 a
968 1299 1097 1368 tabulis
1131 1299 1310 1368 diversum
1348 1322 1433 1383 esse,
1471 1302 1533 1368 sed

363 1405 607 1494 quaestionem
650 1429 721 1474 non
766 1409 881 1474 solum
922 1417 1081 1491 movent,
1123 1407 1186 1474 sed
1227 1405 1335 1473 etiam
1377 1408 1532 1477 solvunt.

362 1514 472 1600 Ergo·
496 1515 693 1582 cavendum
717 1525 779 1599 est,
806 1536 852 1582 ne
877 1537 1010 1582 nexum
1037 1535 1247 1601 quaeramus
1274 1513 1366 1581 inter
1394 1515 1533 1582 tabulas

362 1621 516 1688 Graecas
551 1631 587 1688 et
620 1622 685 1688 has
719 1619 883 1708 picturas,
923 1643 1004 1688 cum
1044 1620 1116 1688 sint
1150 1621 1220 1688 duo
1251 1619 1341 1686 nihil
1371 1619 1465 1688 inter
1495 1643 1534 1688 se

362 1749 549 1795 commune
586 1727 755 1796 habentia
794 1751 932 1816 genera,
995 1733 1120 1816 Itaque
1157 1730 1262 1815 plane
1300 1727 1402 1795 aliter
1438 1729 1533 1816 apud

363 1833 527 1922 antiquos
558 1834 730 1922 pingendi
763 1859 819 1903 ars
845 1858 1032 1924 progressa
1059 1846 1113 1902 est
1139 1846 1245 1922 atque
1279 1833 1410 1902 nostris
1445 1846 1533 1902 tem-

362 1939 506 2028 poribus
539 1964 652 2029 neque
682 1943 755 2009 ullo
787 1944 893 2010 modo
925 1942 1009 2010 licet
1042 1940 1209 2029 antiquae
1243 1940 1328 2008 artis
1366 1939 1535 2009 historiae

362 2049 507 2118 lacunas
535 2047 586 2116 ita
613 2050 762 2138 explere,
792 2060 833 2118 ut
860 2051 905 2117 ad
932 2048 1124 2117 hodiernae
1151 2046 1236 2116 artis
1264 2045 1533 2114 similitudinem

363 2176 589 2223 recurramus.
647 2160 741 2223 Nam
776 2178 857 2224 cum
889 2155 997 2223 Medii
1032 2154 1121 2224 Aevi
1158 2153 1296 2243 pictura
1334 2154 1534 2222 tabularum

362 2262 535 2350 paulatim
558 2264 603 2330 ad
626 2262 663 2330 id
685 2263 892 2351 pervenerit,
917 2274 958 2331 ut
980 2261 1227 2331 continuatum
1249 2263 1366 2328 locum
1385 2259 1535 2350 pingere

362 2380 490 2457 posset,
513 2369 633 2457 itaque
656 2392 728 2437 uno
744 2381 780 2438 et
796 2369 1002 2438 continuato
1017 2391 1207 2458 progressu
1221 2370 1315 2436 hanc
1329 2369 1535 2435 facultatem

363 2487 525 2544 assecuta
548 2477 602 2561 sit,
626 2487 748 2544 contra
769 2479 905 2545 Graeca
928 2479 1128 2545 tabularum
1151 2476 1289 2564 pictura
1311 2485 1374 2542 aut
1389 2473 1534 2541 omnino

364 2606 406 2651 ea
440 2584 614 2652 abstinuit
648 2595 711 2652 aut
740 2583 912 2672 exiguum
935 2595 1076 2652 tantum
1100 2585 1216 2651 locum
1238 2581 1387 2670 pingere
1408 2580 1534 2668 potuit,

366 2690 573 2759 continuata
605 2702 724 2758 autem
762 2694 918 2759 locorum
952 2689 1141 2778 descriptio
1175 2690 1245 2758 alia
1279 2688 1414 2776 origine
1457 2699 1534 2756 orta

364 2808 430 2882 est,
466 2821 485 2864 e
516 2797 691 2887 parietum
725 2798 870 2889 pictura.
930 2802 1055 2886 Itaque
1088 2797 1147 2864 hic
1180 2818 1243 2884 pro
1267 2818 1339 2862 uno
1374 2795 1533 2862 eiusdem

366 2905 451 2974 artis
485 2928 674 2996 progressu
709 2907 859 2974 duorum
894 2906 980 2973 artis
1016 2926 1187 2993 generum
1209 2925 1418 2991 progressus
1441 2913 1534 2988 sunt,

366 3013 426 3102 qui
450 3013 595 3081 omniuo
618 3036 690 3081 non
715 3013 807 3082 inter
830 3038 867 3082 se
891 3013 1070 3082 coniuncti
1093 3024 1185 3080 sunt

472 3144 663 3226 Postquam
691 3150 810 3208 autem
840 3150 1005 3207 naturam
1033 3137 1202 3226 topiariae
1224 3137 1382 3225 picturae
1406 3158 1535 3223 cogno-

366 3245 491 3331 vimus,
515 3257 624 3315 restat
646 3246 872 3334 interrogare,
896 3269 975 3334 quo
997 3257 1179 3333 tempore
1196 3255 1232 3313 et
1246 3243 1317 3312 ubi
1333 3254 1534 3311 terrarum

364 3363 441 3420 orta
464 3352 517 3421 sit
565 3353 719 3421 Maxime
742 3365 862 3422 autem
885 3353 1040 3438 interest,
1064 3364 1184 3420 utrum
1206 3352 1294 3419 haec
1316 3372 1456 3438 quoque
1478 3373 1535 3418 ars

363 3458 400 3526 in
425 3459 572 3528 Graecia
595 3483 640 3528 an
665 3460 748 3530 alibi
771 3472 857 3530 nata
880 3461 933 3529 sit

364 3607 576 3619 ——n--u--n

475 3697 498 3775 ¹)
522 3695 665 3764 Scaenae
682 3702 712 3759 in
728 3702 839 3760 tabulis
855 3721 978 3778 quoque
994 3702 1203 3778 pingebantur,
1225 3699 1299 3756 Plin.
1313 3697 1349 3754 N.
1362 3697 1401 3755 H.
1413 3697 1535 3767 XXXV,

369 3787 429 3848 113
458 3787 626 3865 Serapionis
657 3791 754 3850 tabula
788 3833 891 3850 .....
924 3793 970 3850 hic
1001 3809 1114 3848 scaenas
1146 3789 1246 3865 optime
1271 3787 1382 3863 ptaxs't.
1426 3786 1534 3862 Itaque

365 3877 501 3934 diversae
517 3877 609 3938 fuisse
626 3880 741 3938 debent
756 3900 774 3938 a
790 3881 914 3957 picturis
926 3880 1082 3938 Vaticanis
1098 3877 1324 3954 parietibusque
1340 3877 1371 3933 in
1382 3876 1449 3933 vico
1461 3875 1535 3934 Bos·

365 3967 486 4024 coreale
502 3969 638 4042 repertis,
659 3987 738 4045 quae
759 3971 843 4046 topia
866 3970 1068 4046 appellandae
1085 3974 1162 4036 sunt,
1185 3973 1276 4042 atque
1292 3982 1346 4041 pro
1363 3966 1535 4023 tabularum

365 4061 429 4111 arte
453 4058 656 4131 angustiorem
679 4061 780 4117 locum
804 4061 956 4118 habuisse.
1002 4057 1093 4114 Haud
1117 4057 1189 4123 scio,
1224 4072 1263 4110 au
1284 4073 1397 4111 scaenae
1418 4055 1535 4130 saurim

365 4163 438 4200 more
460 4144 619 4221 designatae
640 4143 729 4230 (Vitr.
753 4149 818 4217 VH,
842 4146 902 4218 5,2.
948 4149 985 4215 V,
1013 4146 1042 4215 6,
1070 4141 1105 4224 9)
1128 4143 1289 4201 habendae
1317 4143 1376 4199 sint
1397 4142 1534 4217 picturae

364 4232 452 4289 villae
469 4234 508 4290 ad
524 4235 653 4294 Primam
670 4239 789 4296 Portam
805 4245 944 4314 repertae
962 4237 1044 4315 (Ant.
1060 4233 1254 4302 Denlrmaler,
1275 4231 1312 4289 Τ.
1332 4230 1381 4298 ll,
1404 4230 1457 4300 24,
1478 4225 1535 4314 60)

364 4321 561 4398 reliquaeque
586 4343 690 4384 earum
714 4329 825 4386 similes
841 4322 977 4409 (Helbig,
1000 4320 1246 4397 Wandgemalde,
1269 4340 1298 4395 p.
1314 4318 1400 4396 385),
1423 4337 1536 4377 scaena

366 4417 468 4467 autem
498 4413 617 4472 comico
645 4435 730 4475 more
759 4417 915 4492 designata
942 4421 1084 4489 ectypum
1107 4428 1251 4490 scaenam
1286 4409 1436 4467 comicam
1463 4427 1535 4467 con·

365 4499 463 4558 tineus
491 4501 734 4579 Neapolitanum,
767 4505 937 4565 Schreiber.
968 4501 1127 4560 Hellenist,
1148 4497 1358 4570 Reliefbilder,
1378 4498 1415 4555 T.
1439 4497 1491 4560 83.
