3800 5292
855 541 1069 615 -25-

481 757 666 827 Vitruvius
675 758 853 828 traditsua
861 759 1357 849 aetateeampicturametiam
1366 760 1556 831 exstitisse:

378 866 583 952 pinguntur
604 868 697 932 enim
720 907 762 917 —
785 869 982 956 signantur.
1021 869 1179 958 Tempus
1203 878 1323 936 autem
1337 867 1555 938 inventionis

383 971 500 1040 verbis
530 979 648 1060 postea
677 976 826 1062 ingressi
850 982 935 1042 runt
960 975 1136 1044 definitur.
1183 977 1288 1061 Quod
1323 997 1404 1043 cum
1438 978 1482 1043 ad
1506 998 1557 1044 se-

385 1081 541 1147 cundum
564 1079 686 1148 stilum
708 1081 892 1169 pertineat,
916 1085 962 1150 ad
985 1106 1119 1150 annum
1135 1081 1272 1150 circiter
1292 1089 1334 1150 80
1351 1107 1381 1152 a.
1399 1083 1477 1150 Chr.
1493 1088 1556 1167 n.¹)

385 1188 607 1254 referendum
631 1199 692 1256 est
731 1189 802 1258 Sed
826 1212 907 1256 cum
929 1200 1137 1278 prospectus
1160 1212 1231 1257 non
1256 1189 1327 1257 iam
1342 1189 1446 1257 initio
1460 1189 1557 1258 illius

384 1293 534 1381 generis
569 1296 630 1362 sed
654 1294 715 1362 illo
735 1295 806 1362 iam
828 1299 977 1384 paulum
1000 1308 1149 1364 exaucto
1172 1295 1258 1386 picti
1282 1296 1362 1380 sint,
1397 1297 1557 1366 inventio

384 1404 508 1488 paulo
540 1413 636 1492 post
668 1405 833 1490 ponenda
865 1415 928 1473 est.
984 1406 1033 1471 At
1065 1404 1210 1492 quinam
1239 1406 1333 1471 hanc
1364 1415 1476 1472 artem
1506 1403 1558 1472 in·

384 1511 579 1577 venerunt?
640 1509 755 1577 Primo
794 1511 921 1579 obtutu
960 1511 1145 1580 Vitruvius
1183 1510 1339 1599 antiquis
1376 1513 1469 1578 hanc
1507 1512 1558 1579 in-

384 1616 589 1684 ventionem
613 1616 765 1685 tribuere
788 1617 900 1686 videri
922 1629 1047 1706 potest
1093 1621 1142 1686 At
1165 1641 1246 1686 cum
1268 1620 1418 1705 longum
1441 1640 1557 1685 rerum
1611 1667 1613 1670 ι

386 1745 527 1791 cursum
562 1736 752 1809 enumeret,
785 1726 892 1793 verba
927 1727 1078 1812 ingressi
1103 1733 1189 1791 sunt
1217 1749 1289 1792 non
1318 1725 1388 1792 iam
1421 1749 1465 1793 ex
1498 1749 1558 1792 nn-

386 1831 480 1917 tiqui
497 1833 662 1918 pendent,
698 1833 759 1899 sed
794 1830 969 1900 incertum
997 1831 1196 1900 subiectum
1224 1833 1462 1922 supplendum
1490 1843 1557 1917 est;

385 1938 505 2024 itaque
532 1938 622 2005 nihil
650 1940 694 2006 de
725 1939 971 2008 inventoribus
1001 1963 1045 2006 ex
1076 1941 1137 2007 illo
1160 1941 1238 2006 loco
1261 1939 1440 2008 discimus,
1486 1941 1558 2009 Sed

386 2044 524 2113 etiamsi
554 2047 704 2132 ingressi
729 2054 814 2112 sunt
840 2069 920 2113 cum
955 2050 1098 2135 antiqui
1130 2047 1421 2133 coniungendum
1457 2059 1558 2131 esset,

385 2173 456 2218 non
485 2145 649 2218 multum
663 2164 945 2232 commutaretur,
974 2177 1055 2221 cum
1078 2156 1172 2243 apud
1196 2156 1350 2221 eundem
1372 2158 1452 2238 VII,
1472 2160 1498 2239 l,
1518 2160 1557 2220 17

385 2260 528 2346 antiqui
555 2262 667 2326 nostri
699 2260 874 2348 pertineat
900 2263 945 2329 ad
974 2263 1178 2330 Cossutium
1212 2273 1249 2328 et
1283 2262 1318 2329 C.
1348 2260 1558 2346 Mucionem,

386 2387 536 2452 quorum
559 2365 618 2434 hic
645 2367 706 2454 qui
727 2367 879 2437 Virtutis
905 2367 1085 2437 Marianae
1113 2370 1237 2436 cellam
1261 2367 1463 2436 aedificavit
1485 2390 1557 2434 non

385 2474 500 2540 multo
524 2483 608 2540 ante
630 2472 729 2541 vixit

494 2597 628 2666 Plinius
663 2611 782 2667 autem
816 2611 852 2667 et
885 2600 1025 2688 tempus
1054 2612 1090 2668 et
1112 2603 1229 2667 locum
1252 2598 1469 2667 inventionis
1493 2609 1559 2666 tra-

386 2703 485 2789 didit,
518 2728 599 2773 cum
631 2706 828 2775 Studium
856 2707 940 2776 Divi
964 2707 1119 2796 Augusti
1151 2718 1267 2774 aetate
1301 2705 1456 2795 primurn
1490 2705 1560 2794 pic-

387 2821 503 2879 turam
540 2812 765 2900 parietariam
803 2813 1001 2881 instituisse
1039 2814 1147 2899 dicat,
1185 2814 1222 2880 id
1261 2814 1355 2901 quod
1389 2812 1440 2880 ita
1474 2811 1560 2879 acci-

385 2918 555 3005 piendum
595 2931 661 3004 est,
699 2932 741 2988 ut
774 2920 922 2989 Studius
958 2920 1274 2988 excellentissimus
1308 2920 1384 2986 eius
1420 2918 1560 3005 generis

385 3025 500 3115 pictor
522 3027 751 3114 praedicetur,
775 3029 837 3094 sed
860 3027 1040 3096 invenisse
1063 3050 1145 3094 eum
1164 3029 1258 3094 hanc
1281 3038 1392 3094 artem
1414 3024 1561 3092 minime

386 3155 475 3220 opus
510 3145 571 3200 est.
630 3137 756 3221 Itaque
789 3133 1034 3201 inventionem
1069 3134 1176 3201 aetati
1212 3136 1378 3221 Augusto
1413 3133 1559 3221 paulurn

386 3239 576 3327 antiquiori
601 3241 753 3308 tribuere
775 3263 973 3328 possumus,
997 3241 1033 3307 id
1057 3242 1253 3328 quodcum
1269 3239 1423 3309 Vitruvii
1443 3238 1561 3307 verbis

387 3347 570 3414 consentit.
619 3347 749 3416 Aviro
774 3352 936 3414 Romano
965 3359 1085 3415 antem
1113 3348 1180 3414 hoc
1211 3369 1326 3434 genus
1353 3346 1559 3414 institutum

387 3477 463 3522 esse
497 3453 631 3522 Plinius
666 3453 812 3522 tradidit
846 3476 912 3521 nec
944 3456 1125 3539 habemus
1160 3477 1222 3521 cur
1256 3455 1299 3521 de
1333 3453 1440 3520 huius
1474 3452 1560 3520 dicti

386 3561 535 3629 veritate
574 3561 784 3630 dubitemus.
841 3562 894 3629 Ibi
930 3561 1026 3629 enim
1059 3561 1225 3628 facillime
1260 3560 1399 3627 institui
1434 3559 1559 3646 potuit,

388 3668 448 3734 ubi
483 3691 555 3736 non
592 3691 706 3756 genus
740 3693 802 3758 per
836 3670 949 3736 multa
983 3669 1123 3736 saecula
1158 3667 1356 3755 antiquitus
1391 3665 1561 3734 traditum

387 3777 545 3861 florebat,
579 3777 671 3844 sicut
705 3779 800 3865 apud
824 3777 979 3846 Graecos
1014 3777 1215 3844 tabularum
1243 3774 1388 3863 pictura
1436 3778 1561 3860 Itaque

265 3950 266 3955 ,
389 3887 551 3950 Romana
585 3885 689 3951 tellus
722 3884 877 3952 maxime
912 3884 1040 3952 idonea
1067 3895 1150 3969 erat,
1185 3906 1275 3971 quae
1301 3884 1398 3950 hunc
1425 3903 1564 3975 novum,

387 3992 511 4056 florem
551 3991 677 4058 ederet
736 3991 872 4062 Eadem
906 3993 950 4058 de
986 4014 1092 4058 causa
1131 4002 1205 4058 tam
1243 3989 1361 4057 subito
1396 4000 1470 4056 tam
1505 4010 1562 4055 ex-

388 4099 571 4178 pellentem
599 4096 667 4165 loci
695 4097 868 4186 pingendi
891 4100 1097 4165 facultatem
1119 4097 1331 4181 invenimus,
1360 4118 1441 4162 cum
1463 4095 1562 4161 nulla

389 4204 645 4272 consuetudine
669 4205 798 4273 tradita
821 4204 983 4294 impediti
1003 4203 1117 4292 ipsam
1140 4204 1291 4292 pictores
1307 4214 1472 4271 naturam
1487 4201 1563 4270 imi·

501 4498 523 4578 1)
548 4498 630 4565 Mau,
655 4497 850 4565 Geschichte,
873 4517 902 4573 p.
919 4495 993 4556 287.
