3800 5292
397 1433 458 1515 De
488 1416 623 1538 spatio
652 1434 968 1538 circumscripto
997 1435 1038 1514 in
1067 1433 1220 1516 tabulis
1248 1435 1371 1539 pictis

749 1575 1016 1658 Graecorum.

406 1772 614 1860 Priusquam
637 1775 680 1839 ad
705 1796 763 1840 eas
786 1772 950 1860 picturas
979 1796 1070 1860 quae
1094 1773 1285 1860 Pompeis
1308 1784 1344 1840 et
1368 1777 1469 1841 Her-

299 1880 462 1947 culanei
487 1891 607 1947 erutae
630 1891 722 1965 sunt,
747 1877 919 1966 accedam,
944 1903 986 1948 ea
1001 1892 1158 1968 repetere
1173 1881 1229 1948 vel
1245 1878 1411 1966 colligere
1430 1879 1467 1948 in

298 1986 416 2054 animo
439 1988 561 2071 habe0,
586 2009 676 2074 quae
699 1998 735 2055 et
756 1999 989 2056 monumenta
1012 2000 1048 2056 et
1063 1999 1248 2054 auctorum
1264 1986 1468 2055 testimonia

297 2095 340 2160 de
379 2095 596 2175 tabularum=
617 2095 833 2162 Graecarum
860 2094 1114 2184 compositione
1147 2096 1282 2161 docent
1338 2096 1468 2179 Quam·

296 2223 403 2288 quam
437 2200 532 2268 enim
566 2203 713 2269 fortasse
746 2199 823 2268 fieri
858 2212 988 2290 potest,
1023 2212 1064 2267 ut
1097 2201 1184 2288 ipsis
1218 2199 1287 2268 illis
1321 2196 1467 2288 picturis

296 2307 453 2376 excussis
481 2307 701 2395 distinguere
729 2307 914 2392 discamus
942 2330 1032 2395 quae
1060 2306 1096 2374 in
1121 2307 1375 2395 compositione
1399 2311 1467 2374 Ro

295 2437 490 2499 manorum,
525 2437 614 2502 quae
638 2415 853 2482 Graecorum
886 2413 1027 2502 propria
1061 2415 1141 2500 sint,
1176 2426 1295 2482 tamen
1325 2415 1467 2481 tabulae

295 2521 376 2588 illae
400 2522 556 2590 Graecae
583 2525 743 2609 regulam
766 2523 931 2609 praebere
955 2533 1113 2610 possunt,
1142 2523 1337 2588 secundnm
1360 2543 1466 2608 quam

295 2628 450 2716 picturas
476 2628 705 2716 Pompeianas
729 2630 774 2696 ad
798 2630 960 2718 exempla
979 2629 1116 2696 Graeca
1139 2630 1265 2696 referre
1287 2629 1398 2696 liceat

401 2737 473 2806 Sed
510 2759 623 2824 pauca
667 2747 751 2804 sunt
793 2747 1039 2821 monumenta,
1079 2735 1281 2804 testimonia
1319 2731 1465 2825 paulum

296 2844 432 2911 diserta.
480 2847 604 2930 Itaque
638 2843 861 2931 singulorum
895 2843 1070 2932 pictorum
1105 2853 1217 2910 artem
1252 2865 1465 2930 cognoscere

267 2951 471 3019 abstinere
505 2961 611 3037 atque
646 2949 732 3018 satis
771 2951 900 3018 habere
935 2952 1118 3034 debemus,
1153 2952 1225 3016 fere
1258 2948 1465 3018 universum

296 3057 380 3125 artis
422 3057 679 3124 incrementum
722 3059 910 3144 explorare.
971 3057 1190 3125 Tabularum
1232 3067 1350 3123 antem
1395 3055 1466 3146 pic·

296 3175 411 3232 tarum
445 3163 629 3232 historiam
667 3163 703 3231 in
739 3166 839 3240 duas,
875 3165 969 3251 quod
1004 3166 1048 3230 ad
1087 3162 1378 3253 compositionem
1416 3175 1466 3232 at·

295 3271 400 3356 tinet,
435 3282 551 3359 partes
587 3270 743 3340 dividere
777 3293 979 3358 possumus,
1018 3293 1167 3359 quarum
1200 3268 1294 3358 prior
1328 3281 1382 3339 est
1419 3272 1464 3341 ab

294 3377 396 3446 initio
429 3380 611 3467 usquead
647 3377 830 3446 dimidium
872 3378 987 3466 quarti
1015 3374 1156 3462 saeculi,
1180 3380 1290 3445 altera
1328 3378 1465 3446 abhoc

295 3507 406 3573 usque
448 3487 491 3553 ad
536 3485 712 3574 originem
751 3489 935 3552 Romanae
972 3483 1147 3572 parietum
1181 3483 1347 3571 picturae.
1409 3489 1464 3552 De

295 3591 431 3660 ratione
469 3604 601 3676 autem,
637 3615 706 3680 qua
744 3591 858 3679 priore
896 3591 957 3658 illa
995 3601 1109 3659 aetate
1149 3592 1289 3658 tabulae
1327 3612 1465 3680 compo

295 3699 383 3768 sitae
418 3711 526 3784 erant,
563 3722 674 3766 unum
708 3697 814 3787 idque
848 3698 977 3766 summi
1005 3697 1175 3766 momenti
1210 3720 1282 3765 non
1307 3697 1379 3765 iam
1402 3700 1464 3765 du·

294 3806 392 3874 bium
416 3831 491 3875 esse
515 3818 639 3895 potest,
664 3805 748 3895 quin
773 3805 927 3893 spatium
950 3806 1165 3892 profundum
1181 3803 1463 3874 circumscribere

294 3914 419 3982 Graeci
444 3913 627 3982 nescirent.
663 3912 728 3982 Cui
751 3911 801 3979 rei
826 3911 1028 3980 testimonio
1051 3922 1136 3979 sunt
1151 3909 1303 3998 primum
1320 3910 1462 3999 quidem

294 4023 435 4116 tabulae
468 4020 549 4088 illae
583 4042 806 4104 marmoreae,
841 4041 929 4107 quas
963 4029 1044 4108 post
1078 4017 1166 4086 alios
1200 4019 1235 4086 C.
1272 4018 1463 4105 Robertb

294 4127 412 4212 edidit,
440 4128 568 4196 deinde
595 4138 715 4196 autem
743 4151 792 4212 ea,
821 4148 910 4214 quae
934 4124 1142 4194 Franciscus
1169 4124 1414 4210 Wickhofn)
1442 4148 1461 4192 e

404 4326 429 4412 ¹)
454 4331 488 4390 C.
502 4331 626 4400 Robert,
649 4331 804 4388 Hallische
829 4326 1419 4405 Winckelmannsprogr.XlX-XX1V.

293 4529 313 4588 p
338 4507 380 4572 45
393 4416 428 4571 ἔ)
451 4421 483 4479 F.
500 4421 652 4480 Wickhoff
671 4439 699 4481 u.
715 4439 742 4478 v.
766 4419 880 4490 blanel,
903 4419 962 4482 Die
984 4418 1107 4479 Wiener
1121 4417 1260 4490 Genesis,
1282 4416 1463 4497 Einleitung,
