3800 5292
912 966 947 1027 ιι.

332 1052 404 1185 De
424 1060 559 1209 spatio
580 1107 896 1209 circumscripto
916 1107 959 1185 in
978 1105 1206 1209 parietibus
1226 1106 1310 1187 stili
1330 1109 1515 1191 secundi.

450 1281 543 1348 Toto
567 1282 663 1348 caelo
687 1283 732 1348 ab
755 1281 811 1348 his
836 1281 1051 1349 Graecarum
1076 1283 1275 1349 tabularum
1302 1285 1516 1372 apographis

339 1411 403 1455 eae
425 1387 583 1475 picturae
606 1411 626 1455 e
649 1388 794 1456 secundi
819 1387 890 1455 stili
919 1387 1053 1475 pariete
1076 1399 1236 1457 exsectae
1259 1388 1402 1476 distant,
1426 1415 1516 1479 quae

339 1516 436 1561 nnnc
483 1494 519 1562 in
565 1493 795 1562 bibliotheca·
821 1494 996 1564 Vaticana
1044 1507 1310 1581 conservantur,
1356 1497 1515 1585 picturae

348 1603 465 1669 Ulixis
494 1603 679 1668 errationes
702 1611 769 1689 per
792 1603 883 1689 topia
906 1603 1103 1690 dubiumst)
1150 1604 1251 1687 Quae
1279 1603 1514 1694 discrepantia

338 1730 454 1796 neque
491 1707 652 1775 bonitate
696 1708 811 1797 operis
850 1731 965 1796 neque
1002 1707 1290 1776 dissimilitudine
1328 1733 1514 1797 argumen-

337 1825 463 1900 torum,
499 1816 561 1882 sed
596 1813 835 1883 diversissima
870 1815 956 1882 artis
991 1814 1109 1882 indole
1143 1817 1269 1884 effecta
1303 1828 1385 1885 esti
1420 1822 1514 1885 Nam

337 1943 453 2008 neque
485 1913 600 2008 picto'r
634 1944 702 2005 eos,
737 1944 758 1988 a
792 1921 921 2008 quibus
956 1923 1161 2009 apographa
1196 1921 1256 1989 illa
1283 1923 1378 2010 picta
1404 1937 1513 2010 erant,

337 2038 412 2096 arte
447 2028 636 2115 superabat
670 2049 787 2116 neque
821 2029 962 2094 fabulae
997 2029 1041 2095 ab
1076 2027 1128 2113 iis,
1163 2051 1250 2116 quas
1279 2031 1436 2099 Graecae
1464 2041 1513 2099 ta·

336 2136 443 2202 bulae
472 2134 575 2202 nobis
608 2137 787 2224 praebent,
812 2157 942 2222 genere
970 2134 1130 2203 diversae
1156 2147 1249 2220 sunt,
1281 2138 1341 2204 sed
1367 2137 1512 2206 omnino

337 2264 473 2308 novum
513 2241 598 2309 artis
640 2263 754 2329 genus
789 2241 891 2308 nobis
926 2241 1137 2326 ostenditur,
1176 2242 1213 2308 id
1248 2255 1302 2310 est
1336 2243 1513 2332 topiorum

336 2349 482 2438 pictura
529 2347 665 2416 Tamen
701 2347 820 2416 nescio
855 2371 900 2416 an
936 2349 1109 2416 vocabulo
1143 2352 1227 2436 topii
1250 2349 1335 2417 insit
1369 2351 1511 2440 aliquid,

337 2457 433 2542 quod
467 2455 584 2542 ipsum
619 2477 759 2547 quoque
790 2457 834 2522 ad
873 2467 1124 2542 argumentum
1151 2456 1335 2545 pertineat,
1372 2459 1513 2547 propria

336 2573 456 2629 autem
493 2573 547 2628 est
581 2562 665 2629 huic
699 2584 814 2630 novae
842 2562 908 2629 arti
932 2562 1082 2629 facultas
1106 2563 1406 2632 describendae
1429 2566 1510 2633 loci

336 2668 684 2736 continuationis,
731 2673 825 2736 Nam
849 2689 930 2736 curn
955 2668 1081 2736 Graeci
1104 2669 1255 2759 pictores
1279 2682 1342 2737 aut
1365 2671 1510 2740 omniuo

336 2775 583 2844 continuatum
614 2777 731 2842 locum
762 2775 910 2864 pingere
954 2775 1071 2843 conati
1113 2797 1185 2842 non
1225 2776 1298 2844 sint
1335 2789 1398 2845 aut
1429 2790 1511 2866 post

336 2882 529 2950 Alexandri
554 2882 679 2969 Magni
703 2893 856 2950 aetatem
884 2883 1065 2968 problema
1087 2881 1176 2950 illud
1199 2883 1274 2950 sive
1298 2884 1511 2954 evitaverint

335 2988 411 3056 sive
435 2989 605 3076 exiguum
627 3000 767 3056 tanturn
784 2989 939 3079 spatium
956 2988 1300 3076 circumscripserint,
1324 2990 1382 3056 hic
1397 2991 1510 3078 pictor

333 3097 440 3183 plane
463 3095 539 3163 eius
563 3095 648 3164 artis
672 3118 814 3183 compos
844 3106 898 3162 est
919 3106 1065 3182 arteque
1088 3119 1129 3162 ea
1153 3095 1204 3163 ita
1226 3095 1434 3183 luxuriatur,
1468 3111 1510 3168 ut

333 3225 407 3270 non
446 3203 561 3270 solum
602 3224 777 3290 magnum
815 3225 1004 3271 numerum
1049 3214 1155 3290 atque
1192 3203 1400 3271 varietatem
1439 3229 1509 3273 am-

333 3309 573 3398 plissimorum
609 3310 784 3398 topiorum
822 3312 895 3376 fere
929 3322 1023 3377 recte
1057 3309 1269 3397 depinxerit,
1304 3313 1366 3378 sed
1400 3312 1509 3381 etiam

333 3417 371 3484 in
394 3416 522 3504 figuris
546 3416 759 3484 collocandis
782 3416 1039 3485 studiosissime
1062 3417 1181 3484 omnia
1204 3418 1337 3486 evitare
1360 3431 1508 3488 conatus

333 3523 389 3609 sit,
425 3547 515 3614 quae
551 3523 667 3611 ectypi
701 3523 907 3591 memoriam
941 3547 1105 3592 revocare
1128 3523 1275 3612 possint,
1309 3525 1360 3592 ita
1386 3537 1428 3594 ut
1450 3530 1508 3595 vel

334 3633 475 3718 figurae
509 3630 736 3718 amplitudini
771 3631 838 3698 loci
873 3631 1123 3718 exprimendae
1157 3633 1328 3711 serviant3
1364 3644 1437 3701 tam
1472 3647 1509 3703 et

333 3737 479 3805 disiecte
513 3737 653 3824 figurae
691 3761 754 3826 per
799 3737 895 3825 topia
929 3737 1121 3825 dispositae
1155 3751 1240 3808 suut
1278 3752 1314 3808 et
1347 3741 1508 3809 omnium

332 3846 405 3911 iere
438 3855 558 3911 motus
593 3847 637 3911 ad
672 3844 830 3931 picturae
858 3867 975 3911 aream
999 3857 1198 3914 transverse
1220 3847 1324 3915 fiunt.
1368 3849 1439 3917 Sed
1463 3851 1508 3917 de

335 3950 463 4038 liguris
486 3962 610 4039 postea
634 3951 809 4039 copiosius
826 3974 931 4038 agere
947 3951 984 4018 in
1001 3953 1120 4020 animo
1136 3954 1260 4040 habeb,
1284 3957 1328 4023 ab
1344 3967 1507 4024 accurata

333 4069 454 4125 autem
478 4058 654 4146 topiorum
677 4059 946 4147 fabularumque
962 4059 1195 4147 descriptione
1219 4062 1388 4147 abstine0,
1411 4087 1507 4151 prae·

446 4255 470 4340 ¹)
486 4261 523 4318 K.
537 4261 728 4329 Woermann,
740 4261 798 4318 Die
812 4262 903 4321 antik.
915 4261 1273 4338 Odysseelandschaften,
1282 4265 1507 4336 Mfinch.l876‚

333 4349 366 4405 B.
389 4347 518 4424 Nogara‚
548 4349 592 4407 Le
616 4349 715 4408 Nozze
743 4351 970 4409 Aldobrandine
995 4361 1053 4410 etc.
1075 4354 1188 4411 Milano
1216 4352 1310 4423 1907,
1343 4353 1506 4425 t9-32,

334 4437 491 4507 Wickhoff,
526 4439 648 4496 Wiener
678 4438 816 4508 Genesis,
850 4440 979 4511 Eiuleit‚
1013 4462 1042 4518 p.
1069 4441 1110 4502 79
1123 4442 1151 4512 i,
1174 4450 1279 4501 contra
1301 4444 1383 4515 Mau,
1415 4444 1505 4504 Rom.

333 4526 411 4584 Mitt.
438 4525 532 4602 1895,
556 4548 585 4604 p.
602 4525 676 4589 230.
