3800 5292
845 475 1065 545 -13-

375 684 480 778 pictis
503 686 652 758 dicenda
674 700 765 758 sunt
813 689 929 778 Atque
952 691 1074 758 tabula
1097 693 1191 756 Mon.
1215 689 1246 756 d.
1263 692 1351 757 Inst.
1367 691 1449 773 XII,
1474 691 1547 773 27,2

293 848 296 853 .
376 797 470 884 (XII,
494 797 549 885 23)
566 819 731 884 expressa
746 796 916 885 parietem
932 799 1065 864 clarum
1082 794 1246 880 ostendit,
1270 794 1330 882 qui
1346 816 1452 885 supra
1467 796 1547 862 velo

375 902 533 971 violaceo
546 915 691 971 omatus
704 914 766 989 est,
777 905 897 972 tabula
903 908 1066 989 XII,27,5
1076 905 1169 992 (XII,
1176 902 1230 992 23)
1240 913 1360 970 autem
1372 901 1551 969 sinistram

373 1021 510 1097 partem
519 1009 721 1096 violaceam,
729 1012 890 1078 dextram
898 1012 1254 1097 albamhabetsupra
1262 1019 1381 1076 autern
1390 1009 1549 1076 flexuoso

374 1115 537 1204 margine
550 1117 706 1185 violaceo
724 1130 918 1203 coronatur,
935 1140 1026 1206 quae
1036 1140 1117 1205 pars
1130 1127 1194 1184 aut
1204 1115 1255 1185 ita
1266 1116 1476 1203 explicanda
1487 1126 1550 1200 est,

375 1234 416 1291 ut
431 1226 551 1292 velum
574 1226 695 1292 album
711 1236 795 1292 ante
810 1225 981 1312 parietem
996 1225 1192 1294 violaceum
1209 1234 1396 1292 extensum
1412 1246 1496 1307 esse,
1512 1222 1550 1288 id

374 1332 469 1418 quod
498 1331 535 1398 in
567 1343 879 1400 monumentorum
904 1334 1026 1400 tabula
1048 1330 1226 1399 redditum
1248 1342 1311 1416 est,
1344 1341 1407 1398 aut
1429 1332 1549 1397 velum

374 1436 571 1506 violaceum
586 1438 801 1526 superiorem
818 1440 918 1508 albae
933 1438 1079 1529 parietis
1093 1449 1230 1526 partem
1246 1460 1378 1522 ornare,
1401 1436 1438 1504 id
1454 1438 1548 1524 quod

374 1543 475 1612 alteri
492 1547 634 1612 tabulae
649 1547 869 1635 respondeat,
886 1546 1117 1634 cogitandum
1133 1545 1189 1615 sit.
1235 1549 1317 1630 ΧΠ,
1339 1550 1389 1629 8,3
1407 1543 1550 1612 sinistra

373 1674 454 1739 pars
466 1675 485 1719 e
501 1652 658 1720 violaceo
671 1653 869 1739 candicans,
883 1653 1002 1721 media
1014 1655 1171 1738 obscura,
1186 1654 1311 1720 dextra
1320 1651 1477 1720 violacea
1487 1661 1548 1718 est

374 1756 513 1828 Similia
535 1757 572 1826 in
597 1758 901 1847 reliquisduabus
926 1759 1057 1828 tabulis
1079 1759 1290 1828 invenimus.
1334 1762 1460 1845 Itaque
1482 1759 1550 1824 hae
1671 1792 1685 1816 x

374 1886 513 1952 quoque
536 1865 693 1955 picturae
721 1879 860 1935 etcum
884 1868 1010 1934 domus
1034 1866 1215 1934 Palatinae
1238 1864 1385 1954 picturis
1409 1876 1549 1932 etcum

373 1971 535 2039 Archelai
548 1983 672 2062 ectypo
684 1974 913 2042 consentiunt
922 1985 959 2041 et
970 1972 1072 2041 nobis
1087 1971 1290 2040 testimonio
1303 1995 1379 2039 esse
1391 1981 1549 2058 possunt,

374 2079 549 2164 quomodo
561 2078 598 2144 in
609 2073 725 2147 aetate
734 2079 1062 2148 hellenisticalocus
1071 2079 1231 2166 depictus
1240 2077 1294 2145 sit
1318 2077 1548 2144 Tabulavero

373 2187 454 2269 XII,
479 2191 526 2269 8,l
554 2208 718 2273 expressa
742 2188 786 2254 ab
802 2185 999 2254 Aetionis
1022 2210 1110 2254 nova
1132 2192 1242 2273 nupta
1265 2187 1419 2272 quodam
1441 2185 1547 2249 modo

373 2292 527 2378 pendere
549 2303 675 2380 potest,
699 2315 914 2381 quamquam
936 2293 1051 2380 ipsam
1074 2293 1171 2360 illam
1196 2293 1353 2359 tabulam
1370 2291 1550 2378 exemplar

373 2397 481 2464 huius
505 2399 702 2488 apographi
725 2399 834 2468 fuisse
850 2399 925 2468 veri
941 2398 1111 2467 dissimile
1128 2411 1189 2467 est
1236 2403 1284 2466 At
1300 2410 1393 2466 certe
1408 2400 1549 2486 qualern

375 2505 528 2592 speciem
562 2506 723 2574 Aetionis
739 2537 743 2544 ·
757 2509 908 2592 θάλαμος
940 2510 1139 2593 περικαλλής
1172 2504 1385 2593 praebuerit,
1424 2506 1549 2572 docere
1669 2523 1671 2527 ·

372 2623 497 2699 potest
530 2615 635 2698 Quod
656 2623 775 2681 autem
797 2615 841 2681 ad
857 2612 1031 2682 rationem
1046 2613 1197 2700 parietes
1213 2610 1394 2680 dividendi
1411 2609 1548 2696 attinet,

372 2717 449 2786 fieri
472 2729 597 2806 potest,
621 2731 663 2787 ut
685 2719 812 2789 divisio
835 2719 896 2787 illa
919 2720 956 2788 in
981 2719 1193 2788 exornandis
1216 2719 1409 2808 parietibus
1425 2718 1547 2786 stilum

371 2824 534 2913 primum,
569 2849 673 2914 quem
707 2849 884 2912 vocamus,
919 2826 1156 2914 praecesserit,
1191 2838 1227 2894 et
1256 2828 1336 2894 vela
1363 2825 1424 2893 illa
1450 2827 1548 2893 haud

373 2932 445 3000 scio
476 2956 521 3001 an
551 2933 728 3023 aulaea1)
763 2934 824 3001 illa
852 2933 933 3019 sint,
969 2957 1059 3022 quae
1093 2933 1234 3023 saepius
1269 2957 1290 3000 a
1320 2932 1548 3020 scriptoribus

374 3050 701 3108 commemorantur.

478 3147 640 3218 Sedecim
657 3147 997 3236 cryptoporticus
1014 3149 1059 3236 (l)
1084 3148 1265 3237 tabulae2),
1286 3170 1376 3235 quae
1392 3147 1548 3236 exceptis

373 3252 529 3341 quinque
543 3265 667 3342 postea
683 3252 816 3321 additis
829 3254 958 3321 eximia
973 3253 1237 3342 pulchritudine
1252 3254 1361 3321 fuisse
1373 3253 1547 3338 videntur,

373 3382 489 3448 neque
503 3363 594 3429 bene
610 3372 838 3428 conservatae
853 3383 969 3448 neque
985 3384 1107 3429 omnes
1123 3362 1168 3428 ad
1185 3372 1347 3428 accurate
1362 3359 1549 3448 inspicien-

373 3469 458 3535 dum
474 3477 672 3557 opportune
688 3467 878 3535 collocatae
893 3479 985 3535 sunt
1022 3470 1155 3536 Omnes
1170 3470 1242 3535 fere
1257 3479 1396 3556 praeter
1412 3472 1457 3534 M.
1475 3473 1503 3534 d.
1520 3471 1546 3534 Ι.

372 3577 455 3658 XII,
480 3579 552 3660 29,2
577 3585 613 3642 et
636 3579 706 3658 3l,l
733 3573 770 3639 in
803 3574 871 3642 loci
893 3573 1131 3662 descriptione
1154 3585 1190 3642 et
1212 3573 1410 3661 figurarum
1433 3572 1548 3661 dispo-

373 3679 501 3748 sitione
540 3702 620 3747 cum
659 3703 765 3769 supra
799 3680 1015 3748 enumeratis
1049 3679 1290 3765 consentiunt,
1325 3679 1362 3746 in
1395 3678 1547 3766 singulis

373 3797 493 3854 autem
516 3786 694 3873 differunt,
719 3799 760 3856 ut
775 3810 834 3856 eas
851 3799 913 3855 aut
929 3787 988 3854 alii
1005 3787 1132 3855 artifici
1148 3798 1212 3855 aut
1226 3786 1374 3854 omnino
1388 3786 1548 3855 diversae

373 3893 481 3961 aetati
505 3893 710 3961 tribuendas
726 3917 803 3962 esse
822 3906 998 3982 appareat
1037 3894 1250 3981 Symmetria
1273 3904 1393 3961 autem
1408 3891 1445 3959 in
1461 3915 1547 3959 non-

373 4000 481 4067 nullis
504 4011 578 4069 tam
600 4024 738 4069 morose
761 4003 947 4070 observata
962 4013 1024 4086 est,
1048 4011 1090 4068 ut
1104 4000 1272 4069 duritiam
1287 4022 1400 4087 paene
1416 3997 1548 4066 efficiat

373 4107 473 4175 velut
494 4106 532 4174 in
549 4111 632 4193 XII,
649 4114 730 4193 30,2.
778 4112 903 4197 Itaque
919 4109 987 4176 hae
1002 4110 1151 4176 fortasse
1165 4107 1310 4175 exeunti
1334 4118 1459 4194 quarto
1476 4129 1548 4173 sae-

486 4275 509 4354 1)
532 4275 625 4338 Thes.
653 4275 687 4333 L.
714 4275 781 4336 Lat.
808 4275 954 4352 imprimis
988 4276 1056 4338 Sall.
1086 4276 1154 4334 hist
1190 4275 1243 4352 hg.
1276 4275 1318 4346 11,
1354 4274 1443 4344 702,
1477 4275 1548 4332 Pro·

373 4371 449 4440 pert.
471 4364 509 4434 11,
533 4363 639 4436 3212,
666 4365 733 4423 Val.
755 4366 835 4423 Max.
857 4364 914 4436 IX,
941 4363 999 4433 1‚5.

483 4447 510 4537 ²)
533 4453 656 4532 Helbig,
679 4454 792 4512 Fiihrer
814 4453 851 4523 11,
874 4453 905 4514 S.
921 4452 996 4516 250.
