3800 5292
857 519 1075 582 -23,

385 727 536 796 insertas
575 752 658 798 esse.
706 729 770 798 Cui
805 729 854 797 rei
890 728 1093 798 testimonio
1127 739 1213 796 sunt
1245 739 1282 795 et
1313 729 1406 815 quod
1435 737 1558 816 pecora

382 842 534 923 pastores
578 835 614 904 in
654 836 760 927 topiis
798 835 1051 925 repraesentati
1090 837 1184 923 apud
1222 833 1427 904 Vitruvium
1464 833 1557 900 inter

386 942 481 1030 topia
509 954 545 1011 et
573 944 884 1032 megalographias
914 942 1072 1011 medium
1101 945 1218 1010 locum
1245 952 1369 1009 tenent
1391 952 1428 1008 et
1451 940 1555 1008 Plinii

384 1052 426 1116 N.
452 1053 497 1116 H.
521 1054 669 1135 XXXV,
707 1053 780 1140 116)
804 1052 919 1136 verba,
946 1073 1036 1138 quae
1064 1060 1149 1117 sunt
1171 1051 1215 1116 de
1238 1047 1386 1118 Studio
1409 1047 1555 1135 pictore3

383 1177 467 1222 nam
501 1157 649 1224 dubium
688 1180 760 1224 non
796 1181 872 1225 esse
906 1168 1032 1244 potest,
1067 1157 1152 1244 quin
1191 1157 1235 1222 ad
1270 1155 1364 1222 idem
1396 1154 1555 1242 picturae

383 1284 506 1349 genus,
542 1266 635 1351 quod
659 1263 845 1333 Vitruvius
869 1275 1005 1348 tractat,
1039 1263 1248 1350 pertineant
1295 1262 1431 1333 Eadem
1458 1261 1553 1328 enim

382 1379 436 1436 est
472 1369 659 1457 parietaria
697 1371 843 1459 pictura,
883 1373 1006 1439 eadem
1044 1382 1130 1439 sunt
1167 1381 1391 1457 argumenta,
1430 1370 1552 1435 eadem

382 1485 435 1542 est
457 1477 614 1564 Augusti
649 1489 755 1546 aetas.
802 1477 937 1546 Plinius
972 1489 1100 1562 autem,
1134 1487 1322 1566 postquam
1350 1475 1447 1563 topia
1470 1498 1553 1542 enu-

380 1575 538 1669 meravit,
562 1584 692 1673 pergit:
717 1587 831 1652 varias
854 1587 905 1651 ibi
923 1586 1210 1651 obambulantium
1233 1585 1356 1670 species
1379 1589 1444 1648 ant
1457 1584 1551 1648 naui·

375 1691 538 1775 gantiam
555 1697 714 1780 terraque
736 1694 836 1759 villas
853 1694 1057 1758 adeuntium
1075 1693 1194 1758 asellas
1209 1697 1274 1756 ant
1286 1691 1460 1764 aebeenlir,
1484 1691 1550 1754 ziam

376 1798 545 1883 piscantes
581 1805 855 1886 aucupantarqne
894 1806 959 1865 ant
993 1805 1154 1864 venantes
1198 1805 1262 1864 ant
1299 1798 1398 1863 etz'am
1436 1797 1550 1862 nende-

379 1905 522 1971 mr'antes
544 1917 607 1973 etc,

484 2047 583 2135 Ergo
615 2047 673 2114 hic
707 2048 867 2136 pluribus
901 2047 1018 2117 verbis
1052 2049 1147 2116 idem
1178 2070 1293 2135 genus
1316 2047 1548 2134 significatur,

377 2155 471 2240 quod
503 2165 557 2222 est
588 2154 745 2222 medium
777 2155 871 2222 inter
893 2157 984 2243 topia
1007 2166 1044 2222 et
1058 2158 1266 2242 fabularum
1289 2155 1546 2240 explicationes,

375 2259 426 2326 ita
453 2271 494 2328 ut
517 2261 584 2328 hoc
612 2261 869 2330 incrementum
893 2261 1101 2349 parietariae
1134 2262 1292 2349 picturae
1324 2259 1432 2327 luisse
1456 2257 1548 2326 affir-

374 2389 471 2434 mare
493 2367 683 2455 possimus:

626 2517 643 2578 I
668 2523 705 2580 to
730 2513 765 2579 ia

605 2622 642 2685 II
667 2535 764 2709 tobia
787 2642 867 2687 cum
890 2619 1018 2707 liguris
1040 2619 1136 2688 vitae
1160 2619 1356 2687 cotidianae

586 2729 641 2792 III
666 2725 762 2814 topia
785 2748 866 2794 cum
888 2727 1016 2814 figuris
1038 2728 1194 2794 heroum.

481 2867 675 2956 Topiorum
714 2880 834 2937 autem
872 2873 1074 2958 exemplum
1111 2870 1226 2959 paries
1264 2872 1544 2939 Boscorealensis

370 2975 523 3060 praebet,
558 2977 734 3044 secundae
768 2977 896 3064 speciei
929 2977 1044 3065 paries
1080 2979 1174 3066 apud
1210 2983 1317 3063 Mau,
1352 2982 1480 3062 t.V11,
1513 2983 1542 3062 2,

371 3079 537 3148 ultimum
571 3094 691 3151 autem
718 3083 825 3151 huius
848 3084 1056 3167 incrementi
1080 3068 1225 3173 germen
1250 3085 1347 3173 topia
1369 3084 1543 3153 Vaticana

370 3198 462 3273 sunt,
495 3211 709 3277 quamquam
742 3190 889 3259 minime
916 3214 1059 3260 necesse
1087 3203 1149 3277 est,
1184 3194 1249 3260 hos
1272 3192 1367 3282 ipsos
1390 3191 1542 3280 parietes

370 3295 522 3361 eundem
546 3296 713 3384 temporis
737 3297 896 3366 ordinem
918 3300 1056 3367 habere.

476 3436 631 3506 Maxime
665 3451 784 3508 autem
818 3440 974 3527 interest,
1009 3444 1103 3531 quod
1137 3466 1252 3531 neque
1274 3442 1460 3513 Vitruvius
1492 3454 1541 3510 ta·

367 3544 530 3614 bularum
552 3546 771 3614 mentionem
793 3548 878 3616 facit
900 3561 936 3617 et
961 3549 1095 3617 Plinius
1111 3549 1229 3620 Studii
1252 3550 1347 3616 illius
1365 3549 1539 3638 picturam

367 3649 496 3718 diserte
519 3651 649 3720 tabulis
674 3654 829 3742 opponit,
853 3678 934 3722 cum
957 3655 1079 3724 scribit
1098 3657 1204 3746 (118):
1227 3660 1291 3722 sed
1309 3660 1407 3722 nnlla
1425 3659 1539 3743 glana

365 3759 539 3844 arteficnm
573 3767 625 3826 est
656 3763 731 3826 nisi
763 3764 826 3849 qni
850 3765 1010 3830 tabulas
1036 3766 1186 3852 pinxere
1213 3817 1220 3830 .
1245 3817 1251 3830 .
1276 3817 1314 3832 ..
1343 3789 1412 3831 non
1447 3766 1538 3830 enim

359 3865 538 3950 parietes
561 3869 759 3934 excolebant
780 3871 928 3936 dominis
951 3878 1089 3938 tantam
1103 3924 1229 3939 ......
1246 3875 1399 3939 nondam
1415 3873 1540 3938 libebat

358 3973 508 4057 parietes
531 3979 617 4040 totos
640 3976 795 4062 tinguere

469 4116 629 4202 Accedit,
672 4121 767 4206 quod
810 4119 1084 4208 diligentissima
1123 4122 1299 4211 topiorum
1338 4123 1535 4211 descriptio,

363 4243 469 4310 quam
492 4225 587 4311 apud
610 4236 799 4314 utrumque
822 4239 1001 4296 auctorem
1024 4229 1234 4316 invenimus,
1258 4234 1360 4299 docet
1381 4231 1536 4320 primum

362 4327 504 4416 quidem
528 4331 673 4400 omnino
696 4357 827 4402 novam
859 4335 968 4404 fuisse
994 4337 1088 4404 hanc
1111 4349 1231 4425 artem,
1265 4339 1393 4408 deinde
1416 4352 1535 4408 autem

362 4434 538 4504 diversam
573 4439 617 4506 ab
651 4438 721 4526 illa,
755 4464 845 4530 quae
880 4445 924 4512 ab
959 4455 1109 4532 utroque
1141 4449 1248 4534 paulo
1275 4460 1359 4517 ante
1386 4472 1535 4518 comme
