3800 5292
799 506 997 593 ..74

311 747 472 808 mentum
507 738 698 826 confugere
721 740 880 807 debebat.
926 739 1042 810 Simul
1066 745 1185 806 autem
1209 731 1399 806 verisimile
1422 744 1484 823 est,
1522 808 1524 813 ,

311 869 430 932 naveS,
465 846 557 914 sicut
587 845 624 913 in
649 845 841 914 Alexandri
874 846 1007 933 proelio
1041 845 1185 934 figuras
1220 857 1332 913 totam
1367 867 1485 913 aream

312 952 517 1040 explevisse,
552 962 593 1019 ut
621 951 706 1020 ficta
729 952 797 1020 loci
821 951 955 1041 species
982 952 1091 1038 fieret,
1124 953 1161 1020 in
1186 963 1342 1049 angusto
1365 964 1485 1020 autem

312 1059 426 1146 spatio
461 1058 553 1126 inira
581 1081 693 1128 vacuo
716 1059 846 1144 relicto,
881 1059 918 1126 in
943 1083 1013 1147 quo
1037 1058 1109 1126 illic
1132 1059 1270 1147 gladios
1293 1060 1484 1146 hastasque

312 1166 523 1252 invenimus,
547 1167 606 1241 hic
630 1167 778 1234 asellum
802 1178 838 1234 et
861 1167 1074 1234 crocodilum
1097 1167 1211 1254 pictos
1234 1165 1350 1234 luisse.

418 1273 450 1344 E
484 1273 725 1340 monumentis
761 1284 881 1341 autem
916 1272 1065 1342 servatis
1100 1284 1183 1340 ante
1217 1273 1336 1341 omnia
1363 1296 1484 1341 rursus

311 1379 488 1467 Telephi
531 1381 703 1468 zophori
746 1392 864 1469 partes
898 1381 1091 1447 nonnullae
1101 1382 1123 1468 ¹)
1158 1383 1485 1448 commemorandae

312 1498 404 1572 sunt,
427 1482 600 1574 imprimis
623 1490 863 1575 fragmentum
887 1486 985 1571 illud,
1013 1489 1107 1575 quod
1130 1510 1252 1574 regem
1276 1510 1357 1555 cum
1381 1487 1484 1554 comi-

313 1593 407 1660 tibus
431 1605 654 1662 accurentcm
678 1593 871 1684 ostendit.²)
917 1597 1085 1662 Attamen
1109 1595 1177 1662 hoc
1198 1594 1411 1682 principium
1439 1596 1484 1661 ad

311 1723 423 1787 pauca
458 1712 670 1788 argumenta
703 1701 872 1768 idoneum
906 1711 988 1768 erat
1036 1705 1161 1788 Itaque
1191 1711 1242 1767 et‘
1261 1701 1355 1788 prior
1385 1701 1483 1785 ratio,

267 1849 269 1856 s
313 1829 402 1894 quae
426 1807 673 1876 continuatum
695 1809 813 1874 locum
836 1807 975 1895 fingere
998 1806 1179 1891 abstinuit,
1203 1809 1432 1893 permanebat
1448 1819 1485 1874 et

312 1915 379 1980 hoc
412 1914 625 2002 principium
654 1937 735 1982 cum
768 1914 829 1981 illo
851 1914 1015 1980 Archelai
1050 1912 1166 2000 ectypi
1194 1913 1484 2002 coniungebatur,

312 2022 405 2107 quod
428 2021 465 2087 in
490 2020 557 2088 illis
573 2021 748 2108 Telephi
772 2019 947 2108 zophori
971 2015 1181 2107 fragmentis
1205 2043 1311 2107 supra
1334 2043 1483 2087 comme-

310 2128 455 2194 moratis
490 2130 623 2194 factum
659 2151 735 2195 esse
769 2127 931 2195 vidimus.
978 2132 1073 2194 Nam
1096 2126 1133 2193 in
1157 2150 1279 2194 eorum
1302 2126 1483 2214 superiore

311 2245 420 2322 parte·
444 2234 583 2321 figurae
617 2246 657 2302 et
690 2257 795 2322 rupes
829 2233 1014 2302 materiam
1046 2235 1091 2300 ad
1123 2257 1241 2301 aream
1272 2236 1483 2321 explendam

253 2344 255 2348 ’
310 2343 488 2426 praebent,
512 2363 602 2428 quae
624 2352 751 2409 natura
768 2353 908 2410 tantum
924 2343 969 2408 ab
984 2341 1177 2409 Alexandri
1193 2341 1326 2428 proelio
1343 2340 1483 2409 diversa

311 2459 372 2531 est,
396 2471 477 2514 cum
499 2472 562 2536 pro
585 2448 711 2536 figuris
734 2447 864 2536 partim
880 2447 970 2516 aliae
985 2471 1041 2514 res
1057 2447 1193 2536 positae
1208 2447 1287 2515 sint
1305 2447 1481 2515 —Simili

310 2555 415 2621 modo
438 2555 475 2622 in
500 2579 541 2623 eo
564 2557 773 2643 fragmento
797 2556 890 2642 quod
906 2553 1106 2642 Telephum
1129 2554 1302 2622 infantem
1326 2556 1370 2621 ab
1392 2558 1480 2621 Her-

312 2661 389 2728 cule
422 2661 609 2730 inventum
641 2661 808 2746 ostendit,
847 2685 927 2729 area
964 2661 1094 2749 partim
1131 2661 1258 2748 figuris
1296 2660 1482 2728 hominum

310 2767 439 2855 partim
462 2771 584 2836 arbore
607 2793 693 2838 saxo
716 2768 889 2836 similibus
905 2770 1010 2836 rebus
1026 2771 1166 2856 expleta
1182 2780 1243 2836 est
1286 2771 1387 2853 Quae
1404 2791 1483 2836 con-

311 2875 455 2960 iuncti0,
491 2899 597 2964 quam
631 2887 754 2965 postea
788 2876 895 2944 etiam
930 2875 968 2942 in
1002 2875 1184 2942 nonnullis
1211 2875 1358 2962 picturis
1383 2880 1483 2943 Pom-

310 2981 446 3068 peianis
480 2981 715 3068 inveniemus,
746 2984 888 3070 quando
915 2985 1009 3050 facta
1036 2983 1095 3066 sit,
1131 2993 1292 3049 accurate
1316 2983 1482 3070 cognosci

311 3111 382 3156 non
406 3101 530 3178 potest
565 3091 700 3158 Tamen
724 3089 884 3158 inventio
908 3091 984 3158 eius
1007 3089 1099 3157 inter
1122 3089 1286 3156 Aristidis
1310 3089 1482 3157 Adtionis-

311 3218 379 3283 que
414 3207 566 3264 aetatem
600 3209 636 3265 et
658 3197 807 3285 Telephi
839 3200 1032 3286 zophorum
1056 3197 1221 3284 ponenda
1245 3207 1306 3264 est
1321 3208 1365 3281 et,
1401 3219 1481 3263 cum

311 3325 389 3370 eam
423 3303 460 3370 in
494 3304 657 3371 Archelai
693 3316 818 3395 ectypo
852 3328 924 3372 non
959 3303 1157 3388 videamus,
1192 3304 1288 3370 haud
1323 3303 1395 3371 scio
1435 3327 1480 3370 an

310 3409 429 3497 potius
453 3411 570 3496 aetati,
605 3433 695 3498 quae
718 3423 771 3479 est
805 3410 897 3480 inter
923 3411 1011 3478 illud
1038 3421 1075 3478 et
1101 3409 1251 3497 Telephi
1278 3411 1480 3498 zophorum,

310 3515 330 3583 i.
355 3540 382 3584 e.
405 3516 508 3584 initio
532 3517 677 3584 secundi
701 3517 831 3586 saeculi
855 3517 1043 3586 tribuenda
1065 3516 1119 3585 sit

418 3623 581 3691 Ceterum
619 3626 707 3692 haec
746 3623 943 3693 continuati
981 3623 1049 3692 loci
1088 3626 1261 3712 exempla,
1294 3645 1374 3689 cum
1399 3645 1481 3690 casu

311 3741 451 3797 servata
484 3755 560 3838 esse
595 3730 741 3818 possint,
774 3743 905 3799 certam
939 3734 1056 3819 legem
1084 3732 1128 3797 ad
1160 3731 1299 3797 tabulas
1327 3731 1482 3798 Graecas

312 3969 446 4025 aqua..
462 3952 537 4010 .“ei
552 3959 788 4028 repugnant.-
747 3951 957 4031 -Moschus
973 3953 1071 4010 minus
1087 3951 1259 4026 ingeniosus
1275 3969 1368 4028 quam
1382 3953 1482 4009 bonus

311 4045 412 4114 poeta,
447 4041 565 4116 scripsit
592 4040 703 4117 Europ.
730 4061 755 4102 v
781 4041 822 4100 47
855 4039 996 4121 ,κυάνου
1029 4027 1091 4101 δ’ἱ
1076 4038 1222 4103 ετέτυκτο
1255 4037 1404 4102 θάλασσα
1439 4073 1481 4084 -

312 4125 353 4187 53
378 4125 532 4210 ἀργύρεος
553 4151 614 4208 μεν
638 4129 694 4208 ἔην
716 4125 833 4192 Νείλου
855 4127 957 4210 ῥόος.“

422 4213 446 4298 )
469 4218 502 4274 13
537 4237 647 4294 magno
671 4219 749 4276 Iovis
784 4237 854 4276 arae
880 4221 1013 4322 zophoro
1037 4219 1142 4276 similis
1165 4221 1241 4278 ratio
1266 4219 1403 4276 adhibita
1427 4227 1482 4283 est.

312 4307 399 4362 deest
434 4315 535 4364 autern
571 4308 814 4366 architectonicis
849 4309 887 4365 de
921 4309 1020 4367 causis
1044 4308 1163 4385 (Brunn,
1196 4309 1245 4366 Κ1.
1268 4308 1416 4365 Schriften
1445 4308 1482 4377 11,

311 4414 340 4469 p·
364 4389 444 4476 430)
468 4397 603 4471 superior
626 4416 698 4455 area
721 4415 826 4455 vacua.

419 4483 441 4562 2)
463 4484 566 4562 Jahrb.
583 4487 611 4543 d.
627 4485 698 4547 Inst.
715 4486 767 4558 111,
790 4506 819 4563 p.
837 4485 887 4556 87,
901 4486 940 4555 Q,
963 4486 1029 4556 XV,
1052 4507 1081 4564 p.
1101 4486 1172 4557 121,
1195 4488 1274 4544 Abb.
1293 4485 1342 4548 13.
