<?xml version="1.0" encoding="UTF-8"?>
<!DOCTYPE html PUBLIC "-//W3C//DTD XHTML 1.0 Transitional//EN"
    "http://www.w3.org/TR/xhtml1/DTD/xhtml1-transitional.dtd">
<html xmlns="http://www.w3.org/1999/xhtml" xml:lang="en" lang="en">
 <head>
  <title>
</title>
<meta http-equiv="Content-Type" content="text/html;charset=utf-8" />
  <meta name='ocr-system' content='tesseract 3.04.00' />
  <meta name='ocr-capabilities' content='ocr_page ocr_carea ocr_par ocr_line ocrx_word'/>
</head>
<body>
  <div class='ocr_page' id='page_1' title='image "./quarationepicto00rodegoog_0041.png"; bbox 0 0 3800 5292; ppageno 0'>
   <div class='ocr_carea' id='block_1_1' title="bbox 853 455 1070 529">
    <p class='ocr_par' dir='ltr' id='par_1_1' title="bbox 853 455 1070 529">
     <span class='ocr_line' id='line_1_1' title="bbox 853 455 1070 529; baseline 0 -17"><span class='ocrx_word' id='word_1_1' title='bbox 853 455 1070 529; x_wconf 72' lang='grc'>..36-</span> 
     </span>
    </p>
   </div>
   <div class='ocr_carea' id='block_1_2' title="bbox 382 670 1557 872">
    <p class='ocr_par' dir='ltr' id='par_1_2' title="bbox 382 670 1557 872">
     <span class='ocr_line' id='line_1_2' title="bbox 382 670 1557 763; baseline -0.003 -19"><span class='ocrx_word' id='word_1_2' title='bbox 382 675 495 744; x_wconf 91' lang='lat' dir='ltr'>multo</span> <span class='ocrx_word' id='word_1_3' title='bbox 506 673 759 763; x_wconf 88' lang='lat' dir='ltr'>neglegentius</span> <span class='ocrx_word' id='word_1_4' title='bbox 773 685 809 742; x_wconf 92' lang='lat' dir='ltr'>et</span> <span class='ocrx_word' id='word_1_5' title='bbox 820 673 965 743; x_wconf 88' lang='lat' dir='ltr'>liberius</span> <span class='ocrx_word' id='word_1_6' title='bbox 977 676 1167 743; x_wconf 83' lang='lat' dir='ltr'><strong>collocatae</strong></span> <span class='ocrx_word' id='word_1_7' title='bbox 1180 686 1272 743; x_wconf 89' lang='lat' dir='ltr'>sunt</span> <span class='ocrx_word' id='word_1_8' title='bbox 1295 670 1450 759; x_wconf 84' lang='lat' dir='ltr'>Accedit,</span> <span class='ocrx_word' id='word_1_9' title='bbox 1461 674 1557 761; x_wconf 93' lang='lat' dir='ltr'>quod</span> 
     </span>
     <span class='ocr_line' id='line_1_3' title="bbox 383 780 1556 872; baseline -0.004 -20"><span class='ocrx_word' id='word_1_10' title='bbox 383 805 559 872; x_wconf 81' lang='lat' dir='ltr'><strong>nusquam</strong></span> <span class='ocrx_word' id='word_1_11' title='bbox 578 781 662 850; x_wconf 91' lang='lat' dir='ltr'>alibi</span> <span class='ocrx_word' id='word_1_12' title='bbox 682 780 733 850; x_wconf 91' lang='lat' dir='ltr'>ita</span> <span class='ocrx_word' id='word_1_13' title='bbox 749 781 849 870; x_wconf 87' lang='lat' dir='ltr'>quasi</span> <span class='ocrx_word' id='word_1_14' title='bbox 864 781 1030 850; x_wconf 90' lang='lat' dir='ltr'>manibus</span> <span class='ocrx_word' id='word_1_15' title='bbox 1046 783 1342 870; x_wconf 86' lang='lat' dir='ltr'>comprehendere</span> <span class='ocrx_word' id='word_1_16' title='bbox 1357 803 1556 869; x_wconf 90' lang='lat' dir='ltr'>possumus,</span> 
     </span>
    </p>
   </div>
   <div class='ocr_carea' id='block_1_3' title="bbox 383 887 1557 1514">
    <p class='ocr_par' dir='ltr' id='par_1_3' title="bbox 383 887 1557 1514">
     <span class='ocr_line' id='line_1_4' title="bbox 384 887 1555 978; baseline -0.003 -21"><span class='ocrx_word' id='word_1_17' title='bbox 384 900 518 978; x_wconf 86' lang='lat' dir='ltr'>quanta</span> <span class='ocrx_word' id='word_1_18' title='bbox 552 887 748 974; x_wconf 90' lang='lat' dir='ltr'>diversitas,</span> <span class='ocrx_word' id='word_1_19' title='bbox 787 889 880 976; x_wconf 91' lang='lat' dir='ltr'>quod</span> <span class='ocrx_word' id='word_1_20' title='bbox 916 890 962 956; x_wconf 94' lang='lat' dir='ltr'>ad</span> <span class='ocrx_word' id='word_1_21' title='bbox 996 891 1146 957; x_wconf 81' lang='lat' dir='ltr'>formam</span> <span class='ocrx_word' id='word_1_22' title='bbox 1181 901 1217 957; x_wconf 94' lang='lat' dir='ltr'>et</span> <span class='ocrx_word' id='word_1_23' title='bbox 1251 892 1384 957; x_wconf 90' lang='lat' dir='ltr'>colores</span> <span class='ocrx_word' id='word_1_24' title='bbox 1418 887 1555 974; x_wconf 87' lang='lat' dir='ltr'>attinet,</span> 
     </span>
     <span class='ocr_line' id='line_1_5' title="bbox 383 994 1555 1083; baseline -0.002 -19"><span class='ocrx_word' id='word_1_25' title='bbox 383 997 476 1066; x_wconf 90' lang='lat' dir='ltr'>inter</span> <span class='ocrx_word' id='word_1_26' title='bbox 508 997 574 1064; x_wconf 89' lang='lat' dir='ltr'>has</span> <span class='ocrx_word' id='word_1_27' title='bbox 607 994 763 1083; x_wconf 87' lang='lat' dir='ltr'>picturas</span> <span class='ocrx_word' id='word_1_28' title='bbox 797 1005 833 1063; x_wconf 89' lang='lat' dir='ltr'>et</span> <span class='ocrx_word' id='word_1_29' title='bbox 867 996 1075 1083; x_wconf 89' lang='lat' dir='ltr'>apographa</span> <span class='ocrx_word' id='word_1_30' title='bbox 1109 997 1310 1063; x_wconf 89' lang='lat' dir='ltr'>tabularum</span> <span class='ocrx_word' id='word_1_31' title='bbox 1344 994 1381 1062; x_wconf 92' lang='lat' dir='ltr'>in</span> <span class='ocrx_word' id='word_1_32' title='bbox 1416 1017 1555 1062; x_wconf 91' lang='lat' dir='ltr'>summo</span> 
     </span>
     <span class='ocr_line' id='line_1_6' title="bbox 383 1101 1556 1192; baseline -0.003 -20"><span class='ocrx_word' id='word_1_33' title='bbox 383 1103 517 1192; x_wconf 90' lang='lat' dir='ltr'>pariete</span> <span class='ocrx_word' id='word_1_34' title='bbox 550 1102 646 1190; x_wconf 89' lang='lat' dir='ltr'>picta</span> <span class='ocrx_word' id='word_1_35' title='bbox 679 1103 882 1170; x_wconf 75' lang='lat' dir='ltr'>intercedat</span> <span class='ocrx_word' id='word_1_36' title='bbox 928 1103 1137 1169; x_wconf 88' lang='lat' dir='ltr'><strong>Notandum</strong></span> <span class='ocrx_word' id='word_1_37' title='bbox 1160 1114 1281 1170; x_wconf 90' lang='lat' dir='ltr'>autem</span> <span class='ocrx_word' id='word_1_38' title='bbox 1304 1113 1366 1186; x_wconf 86' lang='lat' dir='ltr'>est,</span> <span class='ocrx_word' id='word_1_39' title='bbox 1400 1101 1556 1189; x_wconf 87' lang='lat' dir='ltr'>spatium</span> 
     </span>
     <span class='ocr_line' id='line_1_7' title="bbox 383 1207 1557 1298; baseline -0.003 -20"><span class='ocrx_word' id='word_1_40' title='bbox 383 1212 450 1280; x_wconf 90' lang='lat' dir='ltr'>loci</span> <span class='ocrx_word' id='word_1_41' title='bbox 478 1209 537 1278; x_wconf 92' lang='lat' dir='ltr'>hic</span> <span class='ocrx_word' id='word_1_42' title='bbox 565 1231 705 1298; x_wconf 90' lang='lat' dir='ltr'>quoque</span> <span class='ocrx_word' id='word_1_43' title='bbox 732 1231 804 1276; x_wconf 93' lang='lat' dir='ltr'>non</span> <span class='ocrx_word' id='word_1_44' title='bbox 829 1207 899 1276; x_wconf 87' lang='lat' dir='ltr'>iam</span> <span class='ocrx_word' id='word_1_45' title='bbox 922 1230 1035 1296; x_wconf 89' lang='lat' dir='ltr'>usque</span> <span class='ocrx_word' id='word_1_46' title='bbox 1059 1209 1104 1276; x_wconf 91' lang='lat' dir='ltr'>ad</span> <span class='ocrx_word' id='word_1_47' title='bbox 1126 1207 1321 1276; x_wconf 84' lang='lat' dir='ltr'><strong>horizontis</strong></span> <span class='ocrx_word' id='word_1_48' title='bbox 1343 1209 1475 1276; x_wconf 89' lang='lat' dir='ltr'>lineam</span> <span class='ocrx_word' id='word_1_49' title='bbox 1499 1232 1557 1276; x_wconf 84' lang='lat' dir='ltr'>ex-</span> 
     </span>
     <span class='ocr_line' id='line_1_8' title="bbox 383 1314 1556 1407; baseline -0.003 -20"><span class='ocrx_word' id='word_1_50' title='bbox 383 1318 547 1407; x_wconf 88' lang='lat' dir='ltr'>positum,</span> <span class='ocrx_word' id='word_1_51' title='bbox 571 1320 633 1386; x_wconf 87' lang='lat' dir='ltr'>sed</span> <span class='ocrx_word' id='word_1_52' title='bbox 654 1319 812 1384; x_wconf 91' lang='lat' dir='ltr'>clausurn</span> <span class='ocrx_word' id='word_1_53' title='bbox 829 1338 904 1382; x_wconf 90' lang='lat' dir='ltr'>esse</span> <span class='ocrx_word' id='word_1_54' title='bbox 921 1314 1076 1399; x_wconf 90' lang='lat' dir='ltr'>aedibus,</span> <span class='ocrx_word' id='word_1_55' title='bbox 1099 1314 1218 1399; x_wconf 90' lang='lat' dir='ltr'>muris,</span> <span class='ocrx_word' id='word_1_56' title='bbox 1241 1314 1361 1403; x_wconf 88' lang='lat' dir='ltr'>portis,</span> <span class='ocrx_word' id='word_1_57' title='bbox 1377 1338 1446 1402; x_wconf 93' lang='lat' dir='ltr'>quo</span> <span class='ocrx_word' id='word_1_58' title='bbox 1462 1318 1556 1383; x_wconf 81' lang='lat' dir='ltr'>iacto</span> 
     </span>
     <span class='ocr_line' id='line_1_9' title="bbox 383 1421 1555 1514; baseline -0.002 -22"><span class='ocrx_word' id='word_1_59' title='bbox 383 1426 541 1514; x_wconf 88' lang='lat' dir='ltr'>picturae</span> <span class='ocrx_word' id='word_1_60' title='bbox 575 1427 647 1490; x_wconf 85' lang='lat' dir='ltr'>fere</span> <span class='ocrx_word' id='word_1_61' title='bbox 670 1424 715 1489; x_wconf 87' lang='lat' dir='ltr'>ad</span> <span class='ocrx_word' id='word_1_62' title='bbox 739 1421 910 1508; x_wconf 86' lang='lat' dir='ltr'>exiguum</span> <span class='ocrx_word' id='word_1_63' title='bbox 934 1421 1135 1488; x_wconf 90' lang='lat' dir='ltr'>tabularum</span> <span class='ocrx_word' id='word_1_64' title='bbox 1158 1422 1313 1508; x_wconf 90' lang='lat' dir='ltr'>spatium</span> <span class='ocrx_word' id='word_1_65' title='bbox 1335 1421 1555 1510; x_wconf 90' lang='lat' dir='ltr'>rediguntur.</span> 
     </span>
    </p>
   </div>
   <div class='ocr_carea' id='block_1_4' title="bbox 384 1526 1557 2150">
    <p class='ocr_par' dir='ltr' id='par_1_4' title="bbox 384 1526 1557 2150">
     <span class='ocr_line' id='line_1_10' title="bbox 385 1526 1556 1617; baseline -0.002 -18"><span class='ocrx_word' id='word_1_66' title='bbox 385 1533 438 1604; x_wconf 83' lang='lat' dir='ltr'>Eo</span> <span class='ocrx_word' id='word_1_67' title='bbox 474 1530 568 1598; x_wconf 88' lang='lat' dir='ltr'>enim</span> <span class='ocrx_word' id='word_1_68' title='bbox 601 1539 734 1617; x_wconf 90' lang='lat' dir='ltr'>puncto</span> <span class='ocrx_word' id='word_1_69' title='bbox 762 1526 939 1616; x_wconf 88' lang='lat' dir='ltr'>temporis,</span> <span class='ocrx_word' id='word_1_70' title='bbox 974 1550 1044 1614; x_wconf 92' lang='lat' dir='ltr'>quo</span> <span class='ocrx_word' id='word_1_71' title='bbox 1072 1527 1357 1614; x_wconf 90' lang='lat' dir='ltr'>eprospectibus</span> <span class='ocrx_word' id='word_1_72' title='bbox 1379 1526 1556 1617; x_wconf 86' lang='lat' dir='ltr'>imagines</span> 
     </span>
     <span class='ocr_line' id='line_1_11' title="bbox 384 1633 1557 1723; baseline -0.002 -18"><span class='ocrx_word' id='word_1_73' title='bbox 384 1641 497 1704; x_wconf 81' lang='lat' dir='ltr'>iactae</span> <span class='ocrx_word' id='word_1_74' title='bbox 521 1647 613 1720; x_wconf 90' lang='lat' dir='ltr'>sunt,</span> <span class='ocrx_word' id='word_1_75' title='bbox 637 1633 827 1702; x_wconf 88' lang='lat' dir='ltr'>auctoritas</span> <span class='ocrx_word' id='word_1_76' title='bbox 851 1635 1052 1701; x_wconf 87' lang='lat' dir='ltr'>tabularum</span> <span class='ocrx_word' id='word_1_77' title='bbox 1075 1634 1202 1702; x_wconf 77' lang='lat' dir='ltr'>efficax</span> <span class='ocrx_word' id='word_1_78' title='bbox 1218 1658 1294 1702; x_wconf 90' lang='lat' dir='ltr'>esse</span> <span class='ocrx_word' id='word_1_79' title='bbox 1308 1633 1442 1722; x_wconf 87' lang='lat' dir='ltr'>incipit,</span> <span class='ocrx_word' id='word_1_80' title='bbox 1465 1659 1557 1723; x_wconf 92' lang='lat' dir='ltr'>quae</span> 
     </span>
     <span class='ocr_line' id='line_1_12' title="bbox 385 1739 1556 1830; baseline -0.002 -20"><span class='ocrx_word' id='word_1_81' title='bbox 385 1743 421 1810; x_wconf 93' lang='lat' dir='ltr'>in</span> <span class='ocrx_word' id='word_1_82' title='bbox 457 1766 499 1810; x_wconf 92' lang='lat' dir='ltr'>eo</span> <span class='ocrx_word' id='word_1_83' title='bbox 533 1764 673 1830; x_wconf 90' lang='lat' dir='ltr'>quoque</span> <span class='ocrx_word' id='word_1_84' title='bbox 708 1739 993 1827; x_wconf 82' lang='lat' dir='ltr'>deprehenditur,</span> <span class='ocrx_word' id='word_1_85' title='bbox 1028 1742 1122 1828; x_wconf 92' lang='lat' dir='ltr'>quod</span> <span class='ocrx_word' id='word_1_86' title='bbox 1158 1764 1220 1808; x_wconf 88' lang='lat' dir='ltr'>eae</span> <span class='ocrx_word' id='word_1_87' title='bbox 1248 1764 1337 1828; x_wconf 91' lang='lat' dir='ltr'>quas</span> <span class='ocrx_word' id='word_1_88' title='bbox 1363 1742 1469 1808; x_wconf 91' lang='lat' dir='ltr'>modo</span> <span class='ocrx_word' id='word_1_89' title='bbox 1499 1765 1556 1808; x_wconf 87' lang='lat' dir='ltr'>ex-</span> 
     </span>
     <span class='ocr_line' id='line_1_13' title="bbox 385 1847 1555 1938; baseline -0.003 -21"><span class='ocrx_word' id='word_1_90' title='bbox 385 1849 558 1918; x_wconf 90' lang='lat' dir='ltr'>cussimus</span> <span class='ocrx_word' id='word_1_91' title='bbox 581 1849 748 1938; x_wconf 89' lang='lat' dir='ltr'>picturae,</span> <span class='ocrx_word' id='word_1_92' title='bbox 771 1871 843 1915; x_wconf 92' lang='lat' dir='ltr'>non</span> <span class='ocrx_word' id='word_1_93' title='bbox 867 1847 939 1915; x_wconf 89' lang='lat' dir='ltr'>iam</span> <span class='ocrx_word' id='word_1_94' title='bbox 954 1849 1090 1935; x_wconf 80' lang='lat' dir='ltr'>figuras</span> <span class='ocrx_word' id='word_1_95' title='bbox 1107 1853 1296 1933; x_wconf 71' lang='lat' dir='ltr'>Romanas</span> <span class='ocrx_word' id='word_1_96' title='bbox 1320 1850 1382 1916; x_wconf 89' lang='lat' dir='ltr'>sed</span> <span class='ocrx_word' id='word_1_97' title='bbox 1400 1848 1555 1916; x_wconf 88' lang='lat' dir='ltr'>Graecas</span> 
     </span>
     <span class='ocr_line' id='line_1_14' title="bbox 385 1954 1555 2044; baseline -0.002 -20"><span class='ocrx_word' id='word_1_98' title='bbox 385 1957 588 2024; x_wconf 88' lang='lat' dir='ltr'>ostendunt.</span> <span class='ocrx_word' id='word_1_99' title='bbox 635 1958 759 2042; x_wconf 91' lang='lat' dir='ltr'>ltaque</span> <span class='ocrx_word' id='word_1_100' title='bbox 782 1955 942 2042; x_wconf 85' lang='lat' dir='ltr'>picturae</span> <span class='ocrx_word' id='word_1_101' title='bbox 964 1954 1174 2043; x_wconf 88' lang='lat' dir='ltr'>parietariae</span> <span class='ocrx_word' id='word_1_102' title='bbox 1197 1977 1424 2044; x_wconf 87' lang='lat' dir='ltr'>progressum</span> <span class='ocrx_word' id='word_1_103' title='bbox 1448 1976 1555 2042; x_wconf 90' lang='lat' dir='ltr'>supra</span> 
     </span>
     <span class='ocr_line' id='line_1_15' title="bbox 385 2061 1208 2150; baseline -0.004 -18"><span class='ocrx_word' id='word_1_104' title='bbox 385 2063 598 2150; x_wconf 89' lang='lat' dir='ltr'>descriptum</span> <span class='ocrx_word' id='word_1_105' title='bbox 622 2063 689 2128; x_wconf 92' lang='lat' dir='ltr'>hoc</span> <span class='ocrx_word' id='word_1_106' title='bbox 711 2063 817 2128; x_wconf 91' lang='lat' dir='ltr'>modo</span> <span class='ocrx_word' id='word_1_107' title='bbox 841 2061 989 2130; x_wconf 85' lang='lat' dir='ltr'>definire</span> <span class='ocrx_word' id='word_1_108' title='bbox 1011 2084 1208 2150; x_wconf 90' lang='lat' dir='ltr'>possumus.</span> 
     </span>
    </p>
   </div>
   <div class='ocr_carea' id='block_1_5' title="bbox 396 2185 1553 3023">
    <p class='ocr_par' dir='ltr' id='par_1_5' title="bbox 396 2185 1553 3023">
     <span class='ocr_line' id='line_1_16' title="bbox 527 2185 997 2275; baseline 0.002 -22"><span class='ocrx_word' id='word_1_109' title='bbox 527 2191 553 2254; x_wconf 92' lang='lat'>1.</span> <span class='ocrx_word' id='word_1_110' title='bbox 577 2185 719 2273; x_wconf 87' lang='lat' dir='ltr'>Species</span> <span class='ocrx_word' id='word_1_111' title='bbox 742 2199 997 2275; x_wconf 89' lang='lat' dir='ltr'>prospectus.</span> 
     </span>
     <span class='ocr_line' id='line_1_17' title="bbox 396 2291 1254 2382; baseline 0.002 -23"><span class='ocrx_word' id='word_1_112' title='bbox 396 2318 434 2382; x_wconf 42' lang='lat' dir='ltr'>A·</span> <span class='ocrx_word' id='word_1_113' title='bbox 512 2298 557 2360; x_wconf 93' lang='grc' dir='ltr'>ΙΙ.</span> <span class='ocrx_word' id='word_1_114' title='bbox 581 2291 723 2381; x_wconf 90' lang='lat' dir='ltr'>Species</span> <span class='ocrx_word' id='word_1_115' title='bbox 746 2304 992 2382; x_wconf 90' lang='lat' dir='ltr'>prospectus</span> <span class='ocrx_word' id='word_1_116' title='bbox 1016 2316 1096 2360; x_wconf 92' lang='lat' dir='ltr'>cum</span> <span class='ocrx_word' id='word_1_117' title='bbox 1119 2293 1254 2381; x_wconf 83' lang='lat' dir='ltr'>liguris.</span> 
     </span>
     <span class='ocr_line' id='line_1_18' title="bbox 491 2399 1526 2488; baseline 0.002 -22"><span class='ocrx_word' id='word_1_118' title='bbox 491 2405 554 2468; x_wconf 89' lang='lat'>111.</span> <span class='ocrx_word' id='word_1_119' title='bbox 578 2399 720 2486; x_wconf 86' lang='lat' dir='ltr'>Species</span> <span class='ocrx_word' id='word_1_120' title='bbox 741 2412 991 2488; x_wconf 90' lang='lat' dir='ltr'>prospectus</span> <span class='ocrx_word' id='word_1_121' title='bbox 1015 2423 1096 2467; x_wconf 93' lang='lat' dir='ltr'>cum</span> <span class='ocrx_word' id='word_1_122' title='bbox 1117 2399 1245 2487; x_wconf 80' lang='lat' dir='ltr'>liguris</span> <span class='ocrx_word' id='word_1_123' title='bbox 1267 2400 1526 2488; x_wconf 84' lang='lat' dir='ltr'>mythologicis</span> 
     </span>
     <span class='ocr_line' id='line_1_19' title="bbox 498 2505 1553 2597; baseline 0 -23"><span class='ocrx_word' id='word_1_124' title='bbox 498 2512 557 2577; x_wconf 93' lang='lat' dir='ltr'>IV.</span> <span class='ocrx_word' id='word_1_125' title='bbox 582 2505 805 2593; x_wconf 85' lang='lat' dir='ltr'>Imagines:</span> <span class='ocrx_word' id='word_1_126' title='bbox 840 2506 979 2594; x_wconf 79' lang='lat' dir='ltr'>figurae</span> <span class='ocrx_word' id='word_1_127' title='bbox 1003 2511 1185 2596; x_wconf 89' lang='lat' dir='ltr'>Romanae</span> <span class='ocrx_word' id='word_1_128' title='bbox 1219 2506 1255 2573; x_wconf 92' lang='lat' dir='ltr'>in</span> <span class='ocrx_word' id='word_1_129' title='bbox 1292 2507 1388 2595; x_wconf 91' lang='lat' dir='ltr'>topio</span> <span class='ocrx_word' id='word_1_130' title='bbox 1412 2507 1553 2597; x_wconf 88' lang='lat' dir='ltr'>(Stanza</span> 
     </span>
     <span class='ocr_line' id='line_1_20' title="bbox 580 2611 860 2702; baseline 0.004 -22"><span class='ocrx_word' id='word_1_131' title='bbox 580 2615 613 2682; x_wconf 90' lang='lat' dir='ltr'>d.</span> <span class='ocrx_word' id='word_1_132' title='bbox 631 2611 860 2702; x_wconf 85' lang='lat' dir='ltr'>epigrammi).</span> 
     </span>
     <span class='ocr_line' id='line_1_21' title="bbox 400 2719 1553 2809; baseline -0.001 -20"><span class='ocrx_word' id='word_1_133' title='bbox 400 2745 434 2808; x_wconf 92' lang='lat' dir='ltr'>B.</span> <span class='ocrx_word' id='word_1_134' title='bbox 514 2723 555 2789; x_wconf 87' lang='lat' dir='ltr'>V.</span> <span class='ocrx_word' id='word_1_135' title='bbox 580 2719 804 2807; x_wconf 91' lang='lat' dir='ltr'>Imagines:</span> <span class='ocrx_word' id='word_1_136' title='bbox 828 2720 968 2808; x_wconf 80' lang='lat' dir='ltr'>figurae</span> <span class='ocrx_word' id='word_1_137' title='bbox 984 2721 1141 2789; x_wconf 86' lang='lat' dir='ltr'>Graecae</span> <span class='ocrx_word' id='word_1_138' title='bbox 1155 2720 1191 2788; x_wconf 93' lang='lat' dir='ltr'>in</span> <span class='ocrx_word' id='word_1_139' title='bbox 1209 2720 1313 2808; x_wconf 90' lang='lat' dir='ltr'>topio.</span> <span class='ocrx_word' id='word_1_140' title='bbox 1345 2721 1553 2809; x_wconf 83' lang='lat' dir='ltr'>(Galathea)</span> 
     </span>
     <span class='ocr_line' id='line_1_22' title="bbox 497 2827 1553 2916; baseline -0.002 -20"><span class='ocrx_word' id='word_1_141' title='bbox 497 2830 557 2896; x_wconf 84' lang='lat' dir='ltr'>V1.</span> <span class='ocrx_word' id='word_1_142' title='bbox 582 2827 806 2914; x_wconf 91' lang='lat' dir='ltr'>Imagines:</span> <span class='ocrx_word' id='word_1_143' title='bbox 839 2828 978 2914; x_wconf 82' lang='lat' dir='ltr'>figurae</span> <span class='ocrx_word' id='word_1_144' title='bbox 1006 2830 1162 2897; x_wconf 86' lang='lat' dir='ltr'>Graecae</span> <span class='ocrx_word' id='word_1_145' title='bbox 1194 2828 1231 2894; x_wconf 94' lang='lat' dir='ltr'>in</span> <span class='ocrx_word' id='word_1_146' title='bbox 1264 2828 1361 2916; x_wconf 93' lang='lat' dir='ltr'>topio</span> <span class='ocrx_word' id='word_1_147' title='bbox 1389 2839 1553 2916; x_wconf 90' lang='lat' dir='ltr'>angusto.</span> 
     </span>
     <span class='ocr_line' id='line_1_23' title="bbox 581 2933 1048 3023; baseline 0.004 -23"><span class='ocrx_word' id='word_1_148' title='bbox 581 2933 644 3022; x_wconf 87' lang='lat' dir='ltr'>(Io.</span> <span class='ocrx_word' id='word_1_149' title='bbox 669 2937 805 3001; x_wconf 92' lang='lat' dir='ltr'>Domus</span> <span class='ocrx_word' id='word_1_150' title='bbox 830 2934 1048 3023; x_wconf 80' lang='lat' dir='ltr'>Famesina)</span> 
     </span>
    </p>
   </div>
   <div class='ocr_carea' id='block_1_6' title="bbox 384 3077 1557 4133">
    <p class='ocr_par' dir='ltr' id='par_1_6' title="bbox 384 3077 1556 3576">
     <span class='ocr_line' id='line_1_24' title="bbox 492 3077 1555 3168; baseline -0.001 -24"><span class='ocrx_word' id='word_1_151' title='bbox 492 3081 591 3146; x_wconf 88' lang='lat' dir='ltr'>Haec</span> <span class='ocrx_word' id='word_1_152' title='bbox 614 3091 734 3147; x_wconf 89' lang='lat' dir='ltr'>autem</span> <span class='ocrx_word' id='word_1_153' title='bbox 757 3080 900 3168; x_wconf 90' lang='lat' dir='ltr'>singula</span> <span class='ocrx_word' id='word_1_154' title='bbox 923 3103 1055 3167; x_wconf 86' lang='lat' dir='ltr'>genera</span> <span class='ocrx_word' id='word_1_155' title='bbox 1077 3101 1148 3146; x_wconf 94' lang='lat' dir='ltr'>non</span> <span class='ocrx_word' id='word_1_156' title='bbox 1167 3079 1235 3144; x_wconf 92' lang='lat' dir='ltr'>hoc</span> <span class='ocrx_word' id='word_1_157' title='bbox 1258 3077 1381 3144; x_wconf 91' lang='lat' dir='ltr'>ordine</span> <span class='ocrx_word' id='word_1_158' title='bbox 1405 3101 1481 3146; x_wconf 90' lang='lat' dir='ltr'>sese</span> <span class='ocrx_word' id='word_1_159' title='bbox 1504 3077 1555 3143; x_wconf 93' lang='lat' dir='ltr'>in-</span> 
     </span>
     <span class='ocr_line' id='line_1_25' title="bbox 384 3184 1556 3274; baseline -0.002 -22"><span class='ocrx_word' id='word_1_160' title='bbox 384 3197 505 3253; x_wconf 88' lang='lat' dir='ltr'>secuta</span> <span class='ocrx_word' id='word_1_161' title='bbox 522 3209 605 3270; x_wconf 88' lang='lat' dir='ltr'>esse,</span> <span class='ocrx_word' id='word_1_162' title='bbox 629 3189 691 3253; x_wconf 89' lang='lat' dir='ltr'>sed</span> <span class='ocrx_word' id='word_1_163' title='bbox 709 3186 838 3274; x_wconf 90' lang='lat' dir='ltr'>partim</span> <span class='ocrx_word' id='word_1_164' title='bbox 862 3189 986 3254; x_wconf 88' lang='lat' dir='ltr'>eodem</span> <span class='ocrx_word' id='word_1_165' title='bbox 1002 3198 1159 3273; x_wconf 86' lang='lat' dir='ltr'>tempore</span> <span class='ocrx_word' id='word_1_166' title='bbox 1174 3196 1259 3252; x_wconf 89' lang='lat' dir='ltr'>nata</span> <span class='ocrx_word' id='word_1_167' title='bbox 1274 3207 1351 3252; x_wconf 90' lang='lat' dir='ltr'>esse</span> <span class='ocrx_word' id='word_1_168' title='bbox 1366 3184 1556 3252; x_wconf 90' lang='lat' dir='ltr'>verisimile</span> 
     </span>
     <span class='ocr_line' id='line_1_26' title="bbox 384 3291 1556 3380; baseline -0.002 -22"><span class='ocrx_word' id='word_1_169' title='bbox 384 3303 450 3376; x_wconf 85' lang='lat' dir='ltr'>est3</span> <span class='ocrx_word' id='word_1_170' title='bbox 489 3315 603 3379; x_wconf 90' lang='lat' dir='ltr'>neque</span> <span class='ocrx_word' id='word_1_171' title='bbox 640 3316 734 3361; x_wconf 92' lang='lat' dir='ltr'>novo</span> <span class='ocrx_word' id='word_1_172' title='bbox 773 3317 902 3380; x_wconf 89' lang='lat' dir='ltr'>genere</span> <span class='ocrx_word' id='word_1_173' title='bbox 940 3305 1063 3361; x_wconf 86' lang='lat' dir='ltr'>exorto</span> <span class='ocrx_word' id='word_1_174' title='bbox 1101 3291 1347 3359; x_wconf 88' lang='lat' dir='ltr'>antecedentia</span> <span class='ocrx_word' id='word_1_175' title='bbox 1381 3291 1556 3358; x_wconf 89' lang='lat' dir='ltr'>exstincta</span> 
     </span>
     <span class='ocr_line' id='line_1_27' title="bbox 384 3397 1555 3488; baseline -0.003 -23"><span class='ocrx_word' id='word_1_176' title='bbox 384 3411 476 3483; x_wconf 91' lang='lat' dir='ltr'>sunt,</span> <span class='ocrx_word' id='word_1_177' title='bbox 511 3401 573 3466; x_wconf 92' lang='lat' dir='ltr'>sed</span> <span class='ocrx_word' id='word_1_178' title='bbox 608 3403 869 3488; x_wconf 89' lang='lat' dir='ltr'>permanebant,</span> <span class='ocrx_word' id='word_1_179' title='bbox 904 3400 940 3467; x_wconf 91' lang='lat' dir='ltr'>id</span> <span class='ocrx_word' id='word_1_180' title='bbox 976 3401 1067 3488; x_wconf 92' lang='lat' dir='ltr'>quod</span> <span class='ocrx_word' id='word_1_181' title='bbox 1099 3398 1136 3465; x_wconf 92' lang='lat' dir='ltr'>in</span> <span class='ocrx_word' id='word_1_182' title='bbox 1162 3397 1308 3484; x_wconf 88' lang='lat' dir='ltr'>picturis</span> <span class='ocrx_word' id='word_1_183' title='bbox 1334 3397 1555 3484; x_wconf 89' lang='lat' dir='ltr'>Pompeianis</span> 
     </span>
     <span class='ocr_line' id='line_1_28' title="bbox 384 3505 1131 3576; baseline 0.001 -5"><span class='ocrx_word' id='word_1_184' title='bbox 384 3505 629 3574; x_wconf 88' lang='lat' dir='ltr'>examinandis</span> <span class='ocrx_word' id='word_1_185' title='bbox 653 3507 901 3575; x_wconf 84' lang='lat' dir='ltr'>confim1atum</span> <span class='ocrx_word' id='word_1_186' title='bbox 924 3506 1131 3576; x_wconf 80' lang='lat' dir='ltr'>videbimus,</span> 
     </span>
    </p>

    <p class='ocr_par' dir='ltr' id='par_1_7' title="bbox 385 3610 1557 4133">
     <span class='ocr_line' id='line_1_29' title="bbox 483 3610 1555 3700; baseline -0.002 -20"><span class='ocrx_word' id='word_1_187' title='bbox 483 3613 700 3700; x_wconf 79' lang='lat' dir='ltr'>¹Priusquam</span> <span class='ocrx_word' id='word_1_188' title='bbox 735 3625 855 3682; x_wconf 90' lang='lat' dir='ltr'>autem</span> <span class='ocrx_word' id='word_1_189' title='bbox 893 3615 938 3681; x_wconf 93' lang='lat' dir='ltr'>ad</span> <span class='ocrx_word' id='word_1_190' title='bbox 978 3637 1037 3680; x_wconf 89' lang='lat' dir='ltr'>eas</span> <span class='ocrx_word' id='word_1_191' title='bbox 1076 3635 1141 3680; x_wconf 93' lang='lat' dir='ltr'>nos</span> <span class='ocrx_word' id='word_1_192' title='bbox 1180 3610 1427 3695; x_wconf 89' lang='lat' dir='ltr'>convertimus,</span> <span class='ocrx_word' id='word_1_193' title='bbox 1465 3612 1555 3678; x_wconf 90' lang='lat' dir='ltr'>duae</span> 
     </span>
     <span class='ocr_line' id='line_1_30' title="bbox 385 3715 1556 3809; baseline -0.001 -24"><span class='ocrx_word' id='word_1_194' title='bbox 385 3721 511 3787; x_wconf 91' lang='lat' dir='ltr'>domus</span> <span class='ocrx_word' id='word_1_195' title='bbox 535 3721 749 3789; x_wconf 84' lang='lat' dir='ltr'>Famesinae</span> <span class='ocrx_word' id='word_1_196' title='bbox 771 3722 937 3809; x_wconf 90' lang='lat' dir='ltr'>picturae,</span> <span class='ocrx_word' id='word_1_197' title='bbox 962 3743 1052 3809; x_wconf 89' lang='lat' dir='ltr'>quae</span> <span class='ocrx_word' id='word_1_198' title='bbox 1075 3744 1096 3787; x_wconf 90' lang='lat' dir='ltr'>a</span> <span class='ocrx_word' id='word_1_199' title='bbox 1118 3717 1260 3806; x_wconf 90' lang='lat' dir='ltr'>reliquis</span> <span class='ocrx_word' id='word_1_200' title='bbox 1284 3715 1443 3786; x_wconf 90' lang='lat' dir='ltr'>diversae</span> <span class='ocrx_word' id='word_1_201' title='bbox 1463 3729 1556 3802; x_wconf 86' lang='lat' dir='ltr'>sunt,</span> 
     </span>
     <span class='ocr_line' id='line_1_31' title="bbox 385 3824 1557 3917; baseline -0.001 -25"><span class='ocrx_word' id='word_1_202' title='bbox 385 3828 648 3894; x_wconf 89' lang='lat' dir='ltr'>commemorari</span> <span class='ocrx_word' id='word_1_203' title='bbox 682 3830 812 3897; x_wconf 90' lang='lat' dir='ltr'>debent</span> <span class='ocrx_word' id='word_1_204' title='bbox 847 3830 904 3917; x_wconf 85' lang='lat' dir='ltr'>(M.</span> <span class='ocrx_word' id='word_1_205' title='bbox 929 3830 960 3896; x_wconf 89' lang='lat' dir='ltr'>d.</span> <span class='ocrx_word' id='word_1_206' title='bbox 985 3832 1010 3894; x_wconf 92' lang='lat' dir='ltr'>I.</span> <span class='ocrx_word' id='word_1_207' title='bbox 1035 3829 1116 3911; x_wconf 90' lang='lat' dir='ltr'>XII,</span> <span class='ocrx_word' id='word_1_208' title='bbox 1151 3830 1228 3910; x_wconf 78' lang='lat' dir='ltr'>to,</span> <span class='ocrx_word' id='word_1_209' title='bbox 1252 3831 1271 3890; x_wconf 84' lang='lat'>2</span> <span class='ocrx_word' id='word_1_210' title='bbox 1296 3836 1332 3891; x_wconf 91' lang='lat' dir='ltr'>et</span> <span class='ocrx_word' id='word_1_211' title='bbox 1355 3825 1419 3911; x_wconf 84' lang='lat'><strong>21).</strong></span> <span class='ocrx_word' id='word_1_212' title='bbox 1463 3824 1557 3892; x_wconf 90' lang='lat' dir='ltr'>Sunt</span> 
     </span>
     <span class='ocr_line' id='line_1_32' title="bbox 385 3930 1556 4024; baseline -0.003 -25"><span class='ocrx_word' id='word_1_213' title='bbox 385 3944 504 4000; x_wconf 89' lang='lat' dir='ltr'>autem</span> <span class='ocrx_word' id='word_1_214' title='bbox 537 3957 609 4000; x_wconf 93' lang='lat' dir='ltr'>non</span> <span class='ocrx_word' id='word_1_215' title='bbox 637 3959 741 4004; x_wconf 88' lang='lat' dir='ltr'>verae</span> <span class='ocrx_word' id='word_1_216' title='bbox 763 3937 929 4024; x_wconf 90' lang='lat' dir='ltr'>picturae,</span> <span class='ocrx_word' id='word_1_217' title='bbox 953 3936 1015 4002; x_wconf 91' lang='lat' dir='ltr'>sed</span> <span class='ocrx_word' id='word_1_218' title='bbox 1038 3932 1157 4021; x_wconf 89' lang='lat' dir='ltr'>potius</span> <span class='ocrx_word' id='word_1_219' title='bbox 1180 3930 1433 3998; x_wconf 89' lang='lat' dir='ltr'>delineationes</span> <span class='ocrx_word' id='word_1_220' title='bbox 1451 3930 1556 3997; x_wconf 88' lang='lat' dir='ltr'>versi·</span> 
     </span>
     <span class='ocr_line' id='line_1_33' title="bbox 386 4037 1556 4133; baseline -0.003 -27"><span class='ocrx_word' id='word_1_221' title='bbox 386 4041 517 4107; x_wconf 90' lang='lat' dir='ltr'>colores</span> <span class='ocrx_word' id='word_1_222' title='bbox 544 4040 581 4107; x_wconf 91' lang='lat' dir='ltr'>in</span> <span class='ocrx_word' id='word_1_223' title='bbox 617 4045 697 4110; x_wconf 92' lang='lat' dir='ltr'>albo</span> <span class='ocrx_word' id='word_1_224' title='bbox 707 4043 738 4133; x_wconf 83' lang='lat'>¹),</span> <span class='ocrx_word' id='word_1_225' title='bbox 771 4043 915 4112; x_wconf 91' lang='lat' dir='ltr'>alterius</span> <span class='ocrx_word' id='word_1_226' title='bbox 946 4053 1065 4110; x_wconf 91' lang='lat' dir='ltr'>autem</span> <span class='ocrx_word' id='word_1_227' title='bbox 1094 4041 1295 4126; x_wconf 89' lang='lat' dir='ltr'>exemplum</span> <span class='ocrx_word' id='word_1_228' title='bbox 1329 4037 1556 4104; x_wconf 89' lang='lat' dir='ltr'>simulacrum</span> 
     </span>
    </p>
   </div>
   <div class='ocr_carea' id='block_1_7' title="bbox 386 4238 1559 4500">
    <p class='ocr_par' dir='ltr' id='par_1_8' title="bbox 386 4238 1559 4500">
     <span class='ocr_line' id='line_1_34' title="bbox 495 4238 1557 4324; baseline -0.006 -23"><span class='ocrx_word' id='word_1_229' title='bbox 495 4238 520 4324; x_wconf 91' lang='lat'>¹)</span> <span class='ocrx_word' id='word_1_230' title='bbox 543 4245 625 4314; x_wconf 89' lang='lat' dir='ltr'>Mau,</span> <span class='ocrx_word' id='word_1_231' title='bbox 648 4247 753 4304; x_wconf 85' lang='lat' dir='ltr'>Annal.</span> <span class='ocrx_word' id='word_1_232' title='bbox 778 4244 1008 4305; x_wconf 82' lang='lat' dir='ltr'>d.1nst.1884.</span> <span class='ocrx_word' id='word_1_233' title='bbox 1031 4265 1060 4319; x_wconf 88' lang='lat' dir='ltr'>p.</span> <span class='ocrx_word' id='word_1_234' title='bbox 1076 4241 1150 4303; x_wconf 84' lang='grc'><strong>319.</strong></span> <span class='ocrx_word' id='word_1_235' title='bbox 1195 4239 1416 4298; x_wconf 85' lang='lat' dir='ltr'>Delineationis</span> <span class='ocrx_word' id='word_1_236' title='bbox 1439 4239 1557 4296; x_wconf 88' lang='lat' dir='ltr'>indoles</span> 
     </span>
     <span class='ocr_line' id='line_1_35' title="bbox 387 4327 1559 4410; baseline -0.003 -23"><span class='ocrx_word' id='word_1_237' title='bbox 387 4339 450 4388; x_wconf 90' lang='lat' dir='ltr'>tam</span> <span class='ocrx_word' id='word_1_238' title='bbox 471 4333 594 4408; x_wconf 86' lang='lat' dir='ltr'>antiqua</span> <span class='ocrx_word' id='word_1_239' title='bbox 619 4342 674 4405; x_wconf 78' lang='lat' dir='ltr'>est,</span> <span class='ocrx_word' id='word_1_240' title='bbox 696 4343 729 4392; x_wconf 93' lang='lat' dir='ltr'>ut</span> <span class='ocrx_word' id='word_1_241' title='bbox 751 4336 814 4394; x_wconf 87' lang='lat' dir='ltr'>fieri</span> <span class='ocrx_word' id='word_1_242' title='bbox 838 4353 897 4392; x_wconf 90' lang='lat' dir='ltr'>non</span> <span class='ocrx_word' id='word_1_243' title='bbox 922 4334 1027 4410; x_wconf 80' lang='lat' dir='ltr'>possit,</span> <span class='ocrx_word' id='word_1_244' title='bbox 1049 4340 1082 4389; x_wconf 86' lang='lat' dir='ltr'>ut</span> <span class='ocrx_word' id='word_1_245' title='bbox 1105 4333 1135 4388; x_wconf 92' lang='lat' dir='ltr'>in</span> <span class='ocrx_word' id='word_1_246' title='bbox 1158 4331 1275 4406; x_wconf 88' lang='lat' dir='ltr'>pictura</span> <span class='ocrx_word' id='word_1_247' title='bbox 1298 4327 1373 4388; x_wconf 80' lang='lat' dir='ltr'>t21</span> <span class='ocrx_word' id='word_1_248' title='bbox 1401 4328 1559 4403; x_wconf 85' lang='lat' dir='ltr'>antiquum</span> 
     </span>
     <span class='ocr_line' id='line_1_36' title="bbox 386 4418 1557 4500; baseline -0.003 -22"><span class='ocrx_word' id='word_1_249' title='bbox 386 4421 578 4478; x_wconf 84' lang='lat' dir='ltr'>simulacrum</span> <span class='ocrx_word' id='word_1_250' title='bbox 608 4442 625 4479; x_wconf 92' lang='lat' dir='ltr'>a</span> <span class='ocrx_word' id='word_1_251' title='bbox 659 4425 775 4500; x_wconf 87' lang='lat' dir='ltr'>pictore</span> <span class='ocrx_word' id='word_1_252' title='bbox 803 4423 940 4482; x_wconf 91' lang='lat' dir='ltr'>Romano</span> <span class='ocrx_word' id='word_1_253' title='bbox 976 4422 1126 4480; x_wconf 88' lang='lat' dir='ltr'>redditum</span> <span class='ocrx_word' id='word_1_254' title='bbox 1160 4421 1206 4489; x_wconf 86' lang='lat' dir='ltr'>sit,</span> <span class='ocrx_word' id='word_1_255' title='bbox 1240 4420 1271 4476; x_wconf 94' lang='lat' dir='ltr'>id</span> <span class='ocrx_word' id='word_1_256' title='bbox 1299 4418 1381 4495; x_wconf 91' lang='lat' dir='ltr'>quod</span> <span class='ocrx_word' id='word_1_257' title='bbox 1405 4418 1557 4488; x_wconf 76' lang='lat' dir='ltr'>Peterson,</span> 
     </span>
    </p>
   </div>
   <div class='ocr_carea' id='block_1_8' title="bbox 0 0 1906 5292">
    <p class='ocr_par' dir='ltr' id='par_1_9' title="bbox 0 0 1906 5292">
     <span class='ocr_line' id='line_1_37' title="bbox 0 0 1906 5292; baseline 0 0"><span class='ocrx_word' id='word_1_258' title='bbox 0 0 1906 5292; x_wconf 95' lang='lat' dir='ltr'> </span> 
     </span>
    </p>
   </div>
  </div>
 </body>
</html>
